1840 2656
38 134 46 167 ὦ

38 170 44 188 ,⁸

37 189 42 212 l

38 245 41 261 π

835 152 863 186 v

111 200 265 266 magis
295 199 578 269 explicandae
601 199 666 247 rei
686 233 702 255 ,
720 153 817 264 quie
841 151 992 266 agitur
1008 230 1024 256 ,
1047 198 1202 266 gratia
1223 213 1539 266 proponuntur
1558 238 1573 259 ,

114 286 257 335 quam
290 269 440 332 Basilii
478 267 779 324 auctoritate,
814 283 863 315 ut
889 270 952 316 ita
992 270 1191 332 loquar,
1225 270 1573 333 praecipiantur.

114 337 256 388 Unde
290 339 465 387 merito
483 336 772 384 Monachalis
794 366 809 388 ,
826 336 912 384 hoc
933 334 996 384 est
1018 336 1260 402 Regularis
1280 338 1381 384 vitre
1415 340 1574 395 Κανών,

119 403 238 452 idest
257 407 437 474 Regula
469 403 784 464 α’ντονομαςικῖἔς
816 423 842 453 a
860 401 1118 466 Majoribus
1142 402 1302 452 nostris
1320 406 1574 472 appellaba-

113 485 226 532 tur;
260 492 312 524 ea
343 479 511 539 quippe
544 475 940 539 complectebatur
970 475 1127 521 omnia
1145 508 1160 529 ,
1186 491 1286 538 quae
1307 474 1456 537 ipsam
1479 476 1578 520 reli-

120 541 255 608 giosae
285 541 586 591 institutionis
623 556 837 608 naturam
861 541 1142 605 sequuntur,
1173 559 1263 590 non
1300 559 1359 588 ex
1380 545 1580 590 humana

124 610 365 668 doctrina,
401 607 480 657 sed
514 628 571 658 ex
585 612 866 675 Evangelicis
892 611 1180 657 documentis
1215 610 1277 656 illi
1311 610 1579 673 conjuncta.

122 680 232 741 Qa
259 681 410 728 etiam
435 677 492 726 de
509 677 638 726 causa
658 679 718 725 illi
750 679 920 741 aliquid
955 678 1102 742 magis
1120 677 1505 734 determinatum,
1528 680 1580 728 ὃς

122 745 319 810 speciale
335 746 615 795 mandatum
640 745 744 793 addi
763 742 883 810 poffe
905 777 919 801 ,
938 744 1032 810 ipsa
1053 745 1206 792 Sancti
1233 747 1464 794 Benedieli
1486 750 1580 795 Re·

118 814 228 879 gula
260 812 572 871 demonstrat3
605 814 657 861 ab
686 813 780 879 ipsa
809 815 922 862 vero
954 815 1034 862 vix
1065 813 1238 878 aliquid
1273 811 1391 877 posse
1422 815 1575 871 demi,

119 882 171 930 &
197 895 351 931 contra
380 880 528 947 ipsam
548 882 653 929 nihil
676 879 794 947 poffe
815 879 980 930 institui
999 918 1015 938 ,
1034 881 1168 928 lectio
1186 879 1318 947 ipfius
1339 880 1578 931 manifeste

125 947 362 1008 declarat,
391 952 440 999 δε
472 969 570 1014 quae
598 950 872 1014 subsequuta
904 949 966 998 est
999 950 1295 1014 Regularum
1334 952 1581 999 multitudo

123 1016 369 1067 confirmat
386 1055 397 1065 .
435 1022 528 1066 Sed
554 1019 611 1065 de
624 1019 692 1065 his
710 1017 811 1065 satis
829 1051 841 1062 .
876 1021 985 1084 Jann
1007 1016 1146 1073 vero,
1161 1015 1469 1066 Illustriffime
1490 1048 1504 1068 ,
1529 1020 1579 1068 ὃς

121 1085 521 1134 Reverendiffime
540 1087 677 1133 Pater
690 1117 704 1141 ‚
725 1086 1114 1151 qualemcumque
1131 1088 1583 1150 interpretationem,

123 1167 174 1200 ut
204 1170 321 1201 meae
342 1172 452 1220 erga
482 1169 525 1202 te
555 1152 843 1202 observantiae
872 1155 1034 1217 pignus
1064 1154 1273 1219 excipias
1299 1184 1313 1204 ,
1336 1155 1384 1203 &
1403 1154 1437 1202 fi
1472 1156 1582 1219 quId

124 1234 368 1285 peccatum
385 1225 427 1269 in
446 1240 501 1270 ea
518 1220 659 1270 fuerit
676 1258 691 1278 ,
711 1239 790 1286 pro
818 1235 896 1269 tua
916 1223 1096 1270 eximia
1125 1222 1398 1287 benignitate
1419 1240 1576 1270 emen-

126 1288 238 1337 dare
257 1324 271 1344 ,
298 1308 351 1338 ne
379 1290 663 1354 dedignerise
701 1293 881 1337 Vereor
913 1292 1082 1356 quippe
1114 1322 1129 1342 ,
1155 1306 1210 1336 ne
1244 1290 1303 1336 ob
1336 1288 1576 1355 Hispanici

126 1356 347 1405 sermonis
370 1360 658 1423 imperitiam
674 1388 688 1412 ‚
710 1376 853 1422 quam
871 1359 1064 1424 ingenue*
1093 1355 1238 1404 fateor
1257 1387 1271 1408 ‚
1304 1357 1582 1406 sententiam

125 1436 263 1473 tuam
285 1442 374 1472 non
397 1425 483 1472 fim
501 1421 766 1490 assequutus
785 1461 800 1481 ,
821 1425 1220 1489 quemadmodum
1254 1427 1315 1473 ob
1331 1428 1585 1474 Latinitatis

131 1493 340 1555 inopiam
373 1493 649 1557 elegantiam
684 1493 807 1538 iilam
830 1491 1130 1541 Castellanam
1163 1496 1370 1541 temulari
1403 1511 1485 1540 nec
1509 1511 1587 1558 po-

132 1561 198 1606 tui
236 1594 251 1615 ‚
265 1576 347 1606 nec
372 1559 487 1607 vero
505 1562 737 1607 tenuitatis
762 1577 881 1607 meae
914 1557 1118 1607 conscius
1135 1575 1325 1608 conatus
1342 1559 1445 1608 sum
1464 1592 1477 1605 .
1497 1564 1587 1608 Ve-

136 1626 247 1676 rum
266 1640 317 1674 ut
333 1628 422 1675 hoc
438 1625 657 1694 posterius
677 1644 758 1692 pro
777 1642 854 1675 tua
875 1626 1084 1694 singulari
1105 1629 1391 1676 humanitate
1409 1643 1453 1676 te
1478 1630 1585 1676 mihi

134 1695 411 1743 indulturum
434 1698 562 1761 spero
582 1731 595 1752 ,
619 1698 676 1743 ita
696 1698 835 1743 etiam
856 1731 870 1752 ,
889 1711 1026 1762 atque
1047 1697 1186 1744 etiam
1205 1713 1317 1763 rogo
1334 1732 1349 1753 ‚
1384 1711 1433 1744 ut
1457 1698 1584 1762 quid-

131 1762 238 1828 quid
257 1766 303 1810 in
330 1762 413 1829 ipsa
432 1782 479 1813 re
501 1765 802 1829 intelligenda
822 1779 1023 1813 erratum
1046 1760 1110 1812 est
1128 1792 1142 1814 9
1175 1765 1584 1825 tuo-ardentissimo

134 1833 180 1878 in
201 1834 446 1880 veritatem
466 1849 625 1880 amore
658 1833 772 1879 mihi
793 1847 954 1881 notum
979 1831 1131 1879 facere
1159 1835 1275 1880 velis
1295 1866 1310 1887 ,
1332 1851 1479 1899 neque
1507 1850 1585 1881 me

136 1901 180 1946 in
199 1916 349 1948 errore
370 1903 518 1966 aliquo
540 1903 711 1949 diutius
742 1899 902 1949 versari
935 1901 1115 1969 patiaris
1133 1931 1150 1958 ,
1176 1902 1380 1968 mihique
1401 1902 1586 1951 benedi-

134 1967 334 2028 {tionem
370 1969 638 2033 impertiaris
657 2004 670 2015 .
703 1970 820 2018 Vale
842 2007 854 2019 .

269 2038 338 2084 Ex
352 2035 611 2086 Tusculano
643 2040 729 2086 IV.
763 2037 871 2086 Idus
900 2038 1060 2087 Martii
1094 2039 1384 2087 MDCCLX.

1382 2240 1582 2285 APPRQ
