1840 2656
697 155 756 197 <x
778 154 804 187 Χ
824 155 851 189 x
870 156 880 189 1
900 157 915 198 )

68 207 259 256 voiuisti,
286 209 326 250 &
353 208 476 249 etiam
495 232 507 254 ,
544 218 670 261 atque
703 208 831 247 etiam
863 219 995 261 rogo,
1029 216 1072 245 ut
1107 203 1314 246 calamum
1339 206 1520 248 validum

31 288 35 312 ι
62 271 180 313 illum
199 297 210 316 ,
226 269 512 324 &elegantem
540 281 588 307 ne
605 267 788 322 deponas
803 297 818 316 ,
841 265 969 308 sedin
989 265 1176 308 Ecclefiae
1192 266 1423 308 utilitatem
1443 296 1454 316 ‚
1483 272 1522 310 δε

28 351 35 386 ιΙ
66 344 356 374 ornamentum
376 328 569 371 adhibeas
585 356 595 368 0
631 329 734 370 Sane
754 332 897 385 quanti
918 342 957 369 te
975 325 1138 375 faciam,
1159 326 1242 384 ipse
1263 328 1516 384 cognoscere

26 417 33 429 ω
65 396 161 434 inde
180 396 361 448 poteris,
379 389 403 430 fi
419 393 779 446 opportunitatem
799 391 1004 432 obtuleris
1023 418 1036 438 ,
1057 403 1101 431 ut
1122 404 1252 432 meam
1277 403 1375 446 erga
1394 404 1432 432 te
1450 392 1520 433 ob.

65 452 309 496 servantiam
341 455 463 508 opere
479 450 567 507 ipso
585 455 741 493 valeam
757 452 967 494 declarare
989 481 998 491 .
1035 454 1203 494 Interim
1222 466 1299 508 pro
1323 465 1396 494 tua
1411 453 1522 496 beni,

27 524 29 527 “
66 520 225 573 gnitate
243 515 486 563 molestiam,
503 527 626 570 quam
652 517 764 555 rudis
782 515 865 557 haec
882 512 1056 572 scriptio
1078 513 1299 569 elegantiae
1324 528 1402 555 tuae
1422 514 1520 557 alla.

68 592 159 620 tura
175 578 228 618 est
245 606 258 625 ,
279 577 449 632 patiaris
473 589 548 617 oro
567 589 578 624 3
598 577 700 618 licet
716 579 823 617 enim
841 576 1006 632 longior
1026 575 1099 617 illa
1119 573 1292 617 fortaffis
1313 577 1519 627 videatur,

4 631 24 673 ἰ
64 638 231 681 brevior
250 638 362 680 certe
387 637 460 679 illa
480 639 534 679 est
549 662 562 685 ‚
581 636 608 678 fi
625 652 716 679 cum
732 640 782 679 iis
807 664 818 686 ‚
838 653 926 687 quae
940 638 1042 681 mihi
1059 637 1229 680 dicenda
1248 636 1491 693 supererant
1505 666 1519 685 2

64 699 300 743 conferatur
318 729 330 741 .
377 701 475 741 Tuae
509 700 606 741 vero
641 703 790 741 mentis
821 714 1018 749 acumen,
1041 702 1080 741 &
1107 699 1430 756 perspicacitaS,
1458 705 1520 743 in·

67 777 243 818 genuum
269 766 393 805 animi
429 762 651 803 candorem
690 761 992 817 cognoscet,&
1022 775 1084 802 me
1113 765 1217 804 citra
1233 777 1520 819 quarumcum-

66 840 145 880 que
166 827 343 880 partium
378 826 576 869 studium,
615 827 802 865 veritatis
831 821 1049 866 studiosum
1077 826 1259 866 inveniet
1277 855 1289 865 .
1320 827 1429 868 Cum
1449 842 1517 867 ve.

64 888 110 928 ro
143 889 193 928 ad
234 900 367 928 meum
388 899 485 942 erga
516 899 553 926 te
585 884 827 939 obsequium
855 885 1130 928 exhibendum
1166 887 1250 928 alio
1275 885 1413 929 officio
1446 903 1517 946 pa·

63 963 149 990 rem
177 962 257 990 non
290 946 505 1004 agnoscam
524 975 538 993 ,
567 950 859 1004 Omnipotenti
893 949 983 988 Deo
1014 947 1118 1003 apud
1140 947 1284 991 Altare
1304 961 1516 992 commen-

65 1012 117 1051 do
134 1038 147 1057 ,
172 1014 315 1066 tuique
346 1015 386 1051 in
407 1009 593 1066 precibus
612 1037 625 1055 ,
643 1012 682 1052 Sc
700 1008 961 1052 orationibus
982 1012 1080 1049 meis
1099 1013 1335 1053 memoriam
1356 1015 1512 1066 jugiter

64 1070 210 1114 faciam
229 1101 242 1121 ,
262 1087 344 1128 quo
360 1072 678 1113 diuturnitatem
696 1074 893 1127 temporis
914 1069 996 1125 ipse
1017 1071 1157 1112 tibiaci
1175 1075 1362 1114 veritatis
1377 1073 1515 1115 desen-

64 1133 213 1174 fionem
235 1134 436 1189 largiatur
453 1161 465 1180 ,
501 1131 811 1190 coelestibusque
843 1131 917 1174 suae
937 1137 1078 1187 gratiae
1107 1132 1299 1190 praefidiis
1315 1147 1481 1178 tueatur
1502 1171 1512 1179 .

65 1195 170 1237 'Vale
186 1223 196 1234 .
325 1197 385 1235 Ex
407 1195 604 1252 Collegio
636 1196 677 1238 S.
697 1196 741 1236 P.
755 1198 813 1239 N.
839 1195 976 1237 Basilii
998 1196 1141 1251 Magni
1159 1197 1207 1237 de
1225 1196 1339 1241 Urbe
1358 1197 1422 1240 die
1439 1214 1459 1240 2
1475 1213 1511 1253 50

66 1255 223 1313 Aprilis
248 1254 357 1299 Anni
377 1273 391 1298 1
407 1271 508 1311 759.

703 1318 812 1362 Tuus
842 1316 1093 1361 humillimus
1113 1322 1267 1364 Servus

250 1379 611 1449 Alexander
647 1381 923 1468 Aguado
973 1381 1422 1453 Bafilianorum

715 1472 928 1538 Abbas
959 1473 1313 1546 GeneraliS.
