1840 2656
721 193 738 234 (
758 192 815 228 IX
834 194 848 236 )

123 243 237 286 Cum‘
266 244 307 284 in
324 241 527 300 plerisque
549 269 562 290 ,
597 257 686 300 quae
717 241 996 298 Regularem3'
1026 255 1099 286 aur
1121 241 1438 289 Ecclefiasticam
1455 248 1516 289 di-

0 347 1 359 *
66 303 283 360 sciplinam
320 305 568 360 respiciunt,
601 318 686 344 tuni
708 307 882 347 maxime
903 308 944 347 in
972 305 1082 353 illis,
1104 302 1193 363 qua:
1216 308 1267 349 ad
1297 312 1519 364 antiquita-

6 386 10 414 τ,
67 380 151 409 tem
178 369 391 408 Monastici
408 367 585 407 Instituti
605 369 645 407 in
665 364 862 421 Hispania
877 365 1225 423 spectannvocum
1244 368 1516 424 ambiguitate

63 428 255 470 nonnulli
272 429 526 482 decipiantur
541 428 773 482 Scriptores
795 442 804 469 :
824 430 987 470 Etenim
1004 430 1099 472 dum
1135 431 1306 472 vocibus
1337 431 1411 471 hac
1442 445 1515 471 no-

67 493 144 532 stra
162 502 280 530 aetate
314 491 490 542 receptis
521 501 725 536 utuntur,
755 502 801 530 ut
829 504 1009 531 veterem
1042 491 1156 533 illam
1177 520 1190 540 ,
1223 491 1297 532 five
1332 490 1515 533 Ecclefiae

66 551 275 596 universae,
288 549 364 592 sive
383 548 501 606 ipfius
518 552 747 592 Monasticae
763 554 856 593 vitae
873 549 1127 608 disciplinam
1145 568 1370 609 exponant>
1387 556 1514 595 etiam

64 617 234 655 nomina
251 611 502 666 sequentium
519 609 757 652 saeculoruin
794 613 842 654 ad
876 617 1108 668 primaevam
1140 615 1255 655 illam
1285 618 1517 671 antiquita-

66 689 149 717 tem
165 672 460 730 fignificaudam
481 672 727 721 traducunt,
743 673 822 716 hoc
843 676 1009 730 quidem
1029 677 1176 716 nedum
1195 679 1233 716 in
1260 678 1439 718 Historia
1454 678 1521 716 in-

67 737 292 791 telligenda
311 732 584 775 confusionem
601 762 616 783 ,
633 733 697 775 sed
712 738 751 776 δι
767 736 993 792 aliquando
1012 736 1198 779 adversus
1217 737 1338 792 ipsius
1355 737 1516 781 Catho-

65 800 153 842 licae
172 796 264 838 fidei
279 798 474 851 dogmata
490 809 648 836 errores
666 811 804 851 parere
830 800 962 852 potest
976 827 985 838 .
1000 798 1136 856 Qare
1161 814 1205 839 ut
1223 814 1285 839 res
1325 813 1517 841 accurate

64 861 362 915 distinguantur
379 885 393 905 ‚
421 860 461 899 &
474 859 709 898 nominibus
725 872 800 913 pro
819 872 1048 915 temporum
1070 861 1309 902 conditione
1326 875 1487 902 utamur
1503 891 1518 911 ,

67 934 236 981 oportet
255 948 269 969 ,
305 932 350 960 ut
368 923 476 959 enim
494 930 607 960 vetus
625 920 888 973 proverbium
928 921 1030 962 fertt
1071 925 1276 976 Distingue
1312 934 1485 975 tempora
1502 951 1516 972 ‚

68 980 375 1033 &concordabis
394 978 492 1036 jura
507 1008 520 1015 -
548 981 649 1020 Rem
669 983 859 1037 exemplo
879 983 1085 1025 declarare
1114 984 1249 1039 placet
1264 997 1277 1024 t
1324 984 1516 1040 Episcopi

68 1059 221 1090 nomen
233 1048 314 1097 jam
332 1056 438 1082 nunc
455 1045 496 1082 in
514 1040 784 1084 Ecclefiastica
803 1045 1045 1085 Hierarchia
1060 1046 1230 1099 gradum
1251 1072 1263 1092 ,
1297 1047 1443 1086 nedum
1465 1046 1517 1086 ab

68 1109 224 1151 Ordine
262 1103 571 1157 presbyteratus
591 1129 604 1149 ,
630 1115 700 1150 re,
731 1106 771 1144 &
800 1108 964 1146 nomine
1001 1107 1228 1147 distinctum
1251 1133 1264 1154 ‚
1305 1104 1370 1146 sed
1401 1110 1439 1148 &
1464 1123 1516 1149 eo

70 1170 265 1224 majorem
280 1165 460 1206 declarat
475 1192 486 1203 .
501 1166 539 1205 Si
555 1164 632 1203 hoc
647 1177 812 1212 nomen,
834 1180 877 1207 ut
893 1170 1034 1222 primis
1053 1167 1237 1208 Ecclefiae
1259 1170 1515 1223 temporibus

69 1230 195 1273 fiebat
213 1255 224 1277 ‚
256 1227 444 1281 usurpare
463 1224 633 1265 velimus
649 1252 661 1274 ‚
693 1228 733 1267 in
750 1243 929 1270 errorem
953 1245 1097 1271 contra
1118 1232 1309 1271 statutum
1329 1230 1514 1270 Ecclefiae

71 1296 223 1349 dogma
240 1290 466 1330 incidemus
482 1315 492 1326 .
507 1285 645 1335 Quare
673 1289 721 1327 ad
752 1289 920 1331 schisma
940 1317 953 1336 2
974 1290 1338 1345 confusionemque
1357 1295 1520 1333 evitan-

71 1357 164 1396 dam
183 1381 194 1398 ‚
225 1350 445 1407 oportuit,
477 1348 729 1388 utdistqutis
745 1350 979 1393 nominibus
1027 1351 1223 1407 cujusque
1251 1352 1420 1394 Ordinis
1441 1382 1454 1401 ,
1480 1356 1521 1396 &

71 1417 223 1474 gradus
241 1411 372 1453 forma
389 1409 663 1464 explicaretur
683 1438 691 1446 ·
708 1412 854 1456 Forma
872 1415 1066 1455 videlicet
1097 1412 1364 1470 Episcopatus
1382 1443 1394 1463 ,
1428 1429 1520 1470 quae

70 1483 114 1521 in
134 1475 424 1531 Apostolorum
441 1475 644 1525 dignitate
672 1477 981 1530 exprimebatur
1002 1491 1014 1514 τ
1054 1476 1391 1529 Presbyterorum
1423 1490 1521 1517 veto

73 1538 207 1582 forma
228 1565 241 1584 ,
274 1551 361 1592 quae
386 1538 425 1571 in
443 1531 601 1571 duobus
619 1533 931 1592 &septuaginta
949 1536 1159 1592 discipulis
1177 1537 1520 1578 obumbrabatur.

72 1603 115 1642 Si
135 1604 278 1643 Graeca
295 1613 372 1638 vox
392 1590 653 1653 Πρεσβιῖτεξοι
668 1620 683 1644 ,
703 1612 790 1655 quae
807 1601 952 1639 Latine
971 1596 1146 1640 seniores
1164 1598 1368 1638 diceretur
1391 1624 1402 1642 ,
1435 1600 1520 1649 (ut

72 1665 115 1705 in
136 1664 372 1702 Monasticis
392 1663 562 1718 Regulis
582 1677 662 1701 non
678 1674 771 1701 raro
788 1660 1006 1701 adhibetur
1024 1673 1045 1716 )
1063 1661 1103 1698 «Sc
1119 1673 1206 1714 quae
1225 1659 1519 1699 Sacerdotibus

73 1739 200 1781 atque
225 1720 436 1779 Episcopis
452 1724 661 1780 (prioribus
684 1721 865 1763 Ecclefiae
882 1721 1033 1764 saeculis
1054 1721 1315 1762 tribuebatur
1337 1736 1347 1767 3
1377 1722 1417 1762 Si
1437 1735 1518 1766 tta-1

73 1799 155 1828 vox
176 1813 186 1829 ‚
203 1788 367 1841 inquam
392 1817 402 1833 ,
417 1788 492 1827 hac
509 1787 742 1841 tempestate
760 1783 837 1824 fine
857 1784 942 1826 ulla
957 1785 1207 1824 distinetione
1230 1780 1430 1838 simplices
1451 1785 1520 1823 Sa„

77 1848 266 1890 oerdores
284 1873 296 1892 2
314 1850 351 1888 &
372 1846 591 1904 Episcopos
621 1845 848 1900 designaret
872 1873 883 1892 ,
901 1845 1036 1901 qualis
1072 1844 1332 1901 perturbatio
1349 1872 1361 1892 ,
1383 1844 1451 1886 ubi
1471 1844 1520 1885 de

84 1909 330 1953 Hierarchia
346 1909 607 1965 loqueremur
624 1937 637 1956 ,
653 1913 831 1949 oriretur
848 1909 867 1948 ¹?
889 1911 1049 1949 Etenim
1078 1909 1259 1962 antiquis
1276 1905 1359 1947 illis
1379 1910 1524 1950 Mona-

78 1973 168 2013 chis
197 1969 322 2011 ferive‘
341 1973 529 2014 omnibus
555 1971 617 2011 vel
639 1969 907 2026 Episcopatus
924 1998 936 2017 ,
972 1970 1037 2010 vel
1059 1968 1370 2023 presbyteratus
1400 1969 1523 2010 Ordi-

82 2047 175 2075 nem
196 2032 493 2083 tribueremus,
527 2047 598 2074 aut
616 2033 903 2088 Episcopatum
934 2046 1024 2073 cum
1042 2030 1336 2084 Presbyteratu
1352 2027 1525 2071 confun-

83 2096 269 2135 deremus
285 2122 295 2140 ‚
316 2097 426 2150 quod
445 2096 556 2137 certe
569 2110 680 2134 error
702 2095 796 2136 effet
814 2093 1090 2135 intolerabilis
1115 2122 1126 2133 .
1161 2094 1278 2133 Tunc
1307 2105 1454 2132 nomen
1474 2091 1525 2129 il-

83 2155 153 2197 lud
169 2172 217 2197 ex
239 2157 429 2212 analogia
449 2154 677 2211 Episcopis‚
699 2154 1032 2211 presbyterisque
1053 2152 1359 2195 attribuebatur
1379 2179 1390 2198 2
1411 2156 1448 2193 &
1464 2152 1525 2192 di-

83 2218 241 2261 stmetas
258 2219 377 2273 plane
397 2232 458 2260 res
477 2216 727 2272 significabat
744 2244 758 2266 ,
775 2233 848 2259 nec
867 2232 916 2259 ex
945 2231 1061 2271 :equo
1096 2212 1278 2270 utrisque
1313 2217 1528 2255 convenie-

943 2280 976 2319 B
1425 2275 1497 2315 bat
1513 2305 1525 2316 .
