1840 2656
817 165 870 200 XI

18 208 19 221 ¹
74 215 207 260 rendae
222 213 461 272 perfectioni
485 214 749 259 adversantur
767 167 798 261 ε(
819 164 1041 271 Sugremus
1063 215 1191 266 alter,
1214 214 1402 273 idemque
1424 228 1524 258 con.

78 279 373 327 summativus,
394 283 464 336 qui
489 277 781 334 Episcoporum
802 278 882 323 est,
906 277 1055 318 nedum
1078 292 1123 319 ut
1140 276 1410 334 perfeetorum
1429 307 1441 325 2
1457 277 1524 320 sed

83 354 128 383 ut
148 339 448 396 perficientium
471 337 610 380 fideles
629 337 719 392 Jesu
737 340 918 382 Christi.
955 339 1022 379 Ab
1041 338 1128 394 ipso
1148 338 1327 380 Ecclesiae
1354 342 1521 382 exordio

81 416 302 458 utrumque
329 404 472 444 statum
493 400 609 442 illum
634 400 807 443 Ecclefia
822 402 994 449 habuit,
1021 404 1319 458 &quamquam
1341 405 1524 456 priorum

81 467 400 506 exercitationes
418 478 490 520 per
506 477 689 519 quatuor
715 461 841 505 ferme
873 468 1001 521 prima
1021 462 1204 506 Ecclefiae
1233 461 1376 505 saecula
1400 466 1524 503 variis

43 575 46 579 ⁴
83 525 253 568 subinde
269 525 565 567 mutationibus
581 523 734 567 fuerint
751 526 944 568 obnoxiae
964 555 977 573 ,
992 525 1144 579 semper
1162 539 1296 567 tamen
1314 526 1419 566 idem
1439 523 1519 566 fuit

82 589 209 630 status
223 602 273 630 ex
289 587 498 643 Evangelii
516 587 673 642 Regula
688 589 949 637 constitutus,
962 586 1261 629 &informatus
1277 617 1288 627 .
1319 584 1520 639 Majorem

85 663 215 697 vero,
243 652 523 704 minoremque
541 646 823 704 splendorem,
860 651 1151 692 &claritatem
1183 649 1329 690 habuit
1349 675 1362 694 ‚
1393 661 1521 704 prout

88 711 154 752 vel
175 712 327 766 Regum
345 708 644 766 persecutiones
660 738 673 760 ‚
690 712 753 753 vel
767 711 1052 754 haereti'corum
1073 711 1408 767 perturbationes
1431 709 1529 755 sine.

87 773 189 814 bant
206 797 220 812 0
240 769 304 812 Ac
318 771 363 813 in
378 788 428 814 eo
441 773 544 814 statu
562 787 625 813 res
642 773 725 816 fuit
742 801 754 821 ,
785 775 915 816 donec
933 771 1168 829 Religiosus
1187 773 1300 814 Ordo
1316 800 1330 821 ‚
1365 770 1436 813 sub
1451 774 1529 813 ini-

85 834 458 877 tiumMonasticus
477 835 710 891 appellatus
734 863 746 882 ‚
776 835 891 876 illam
924 849 1132 876 certorum
1152 863 1166 883 ,
1196 849 1239 876 ut
1270 838 1330 875 ita
1359 836 1521 882 dicam,

85 909 312 952 corporum
327 895 608 938 diversitatem
623 925 636 946 ,
663 901 702 940 &
716 898 1010 939 distinetioncm
1030 897 1215 938 obtinuit
1233 895 1414 945 3scilicet
1435 910 1528 937 curn

82 958 404 1016 >particularibus
435 959 637 1001 destinatae
653 958 803 1000 finibus
823 962 1186 1014 Congregationes
1216 971 1368 1000 exortae
1404 957 1494 999 sunt
1514 984 1528 1005 ‚

84 1020 229 1078 quales
247 1023 461 1076 posteriori
479 1033 597 1061 aetate
615 1022 808 1062 institutae
827 1021 1066 1074 Religiones
1079 1019 1351 1073 fueruntiquae
1367 1034 1532 1061 auream

87 1079 277 1126 Ecclesiae
294 1083 437 1123 vestem
459 1086 558 1121 wira
575 1086 776 1122 varietate
801 1081 1160 1122 circumdederunt
1177 1107 1189 1128 ,
1204 1078 1358 1137 i'pfique
1380 1096 1528 1136 magno

86 1147 329 1197 adjumento
348 1171 358 1189 ‚
377 1147 419 1184 .&
436 1143 610 1184 utilitati
627 1141 791 1185 fuerunt
810 1174 818 1184 .
838 1146 935 1183 Haec
951 1140 1039 1184 sane
1056 1158 1107 1185 ex
1129 1143 1206 1184 fine
1226 1143 1427 1184 distinfflo
1445 1144 1531 1189 nul.

87 1208 169 1250 lani
187 1207 227 1244 in
243 1220 293 1245 eo
312 1232 323 1251 2
356 1207 466 1261 quod
488 1209 544 1246 rei
563 1204 820 1247 substantiam
841 1204 990 1261 spectat
1006 1229 1017 1250 ‚
1036 1219 1154 1248 unain
1178 1205 1225 1247 ab
1246 1204 1327 1245 alia
1347 1204 1533 1252 secernit.

84 1272 152 1312 Ne
171 1280 267 1308 vcro
283 1272 454 1308 varietas
471 1283 516 1308 ea
537 1272 707 1309 nimium
725 1274 837 1308 aucta
855 1282 932 1307 con
946 1266 1136 1308 fusionem
1156 1296 1168 1316 ,
1203 1270 1240 1308 ὃ(
1260 1268 1535 1321 perturbatio.

87 1344 179 1371 nem
199 1343 386 1383 pareret,
419 1327 701 1384 sapientissime
722 1328 905 1370 Ecclefiae
929 1328 1120 1370 Pastores
1136 1328 1315 1370 statuere
1334 1355 1345 1374 ‚
1382 1343 1425 1370 ut
1445 1343 1534 1384 quae

88 1392 358 1448 particularia
381 1391 572 1432 Instituta
586 1391 824 1447 Religiones
853 1391 1089 1432 firmabant
1111 1420 1124 1439 ‚
1157 1394 1268 1431 votis
1297 1388 1333 1430 se
1364 1392 1531 1446 obliga-

86 1467 180 1496 rent
200 1451 267 1493 sub
287 1468 362 1494 una
380 1469 427 1494 ex
444 1467 623 1510 quatuor
637 1456 866 1509 antiquitus
883 1454 1064 1509 probatis
1085 1453 1270 1508 Regulis,
1291 1466 1414 1507 atque
1437 1454 1534 1493 hinc

89 1520 258 1572 privata
288 1516 469 1569 quaedam
505 1513 635 1556 studia
665 1518 773 1554 inter
802 1516 947 1555 harum
984 1515 1253 1569 Religionum
1294 1513 1538 1556 Professores

93 1580 192 1618 oriri
224 1591 392 1631 potuere
418 1607 430 1620 .
466 1578 697 1630 Scriptores
716 1591 812 1617 vcro
831 1604 842 1623 2
875 1589 946 1616 nec
972 1579 1050 1616 rari
1067 1603 1077 1619 ,
1113 1576 1214 1616 dum
1255 1576 1353 1629 quid
1387 1576 1536 1615 statum

92 1638 220 1695 ipsum
238 1666 250 1685 ‚
287 1642 382 1693 quid
402 1652 566 1678 nomina
584 1666 597 1685 ,
616 1637 812 1693 vocesque
844 1636 918 1679 suae
937 1640 1290 1693 Congregationis
1313 1635 1534 1692 respiciat,

92 1715 175 1741 non
189 1707 326 1742 exacte
342 1701 601 1756 distinguunt
619 1728 631 1746 ‚
661 1699 936 1741 confufionem
957 1700 1171 1755 plurimam
1204 1701 1244 1738 in
1262 1700 1537 1754 inquirenda,

98 1766 278 1803 verit-ate
308 1763 357 1803 de
375 1767 504 1803 veteri
524 1762 795 1803 Etclefiastita
827 1761 1041 1817 disciplina
1062 1763 1257 1803 induxere
1274 1788 1287 1808 ,
1318 1759 1538 1816 praesertim

94 1829 231 1882 quoad
248 1840 308 1869 ea,
325 1841 410 1881 quse
427 1828 464 1865 &
482 1826 620 1870 status,
639 1828 676 1864 &
692 1826 858 1880 gradus,
877 1829 912 1865 δέ
931 1823 1116 1865 Ecclefiae
1129 1822 1264 1864 officia
1284 1821 1484 1878 spectabat
1499 1851 1512 1862 .

157 1886 388 1942 Religiosus
404 1889 524 1928 status
542 1916 553 1936 ,
583 1892 663 1939 jain
685 1885 835 1941 abipso
871 1887 1036 1929 Christo
1055 1915 1067 1934 ,
1099 1890 1138 1927 &
1164 1884 1285 1940 ipsius
1326 1885 1533 1940 Apostolis

94 1950 253 2002 origine
273 1952 389 1989 duaa
407 1978 417 1996 2
450 1964 519 2004 pei·
534 1964 716 2003 quatuor
735 1949 806 1989 illa
824 1964 959 2002 priora
979 1946 1121 1989 secula
1162 1952 1201 1987 in
1244 1944 1420 1988 Ecclesia
1444 1945 1542 1986 sem-

98 2012 294 2067 peridem
310 2014 479 2051 omnino
500 2006 593 2058 fuit,
610 2010 692 2067 ipsa
710 2011 957 2066 Evaiigeiica
980 2012 1136 2066 Regula
1156 2012 1283 2050 tee'tus
1305 2037 1315 2055 ‚
1332 2012 1370 2050 8<
1408 2007 1539 2049 infore

96 2084 229 2112 matus
249 2101 257 2110 .
277 2075 417 2114 Varias
434 2073 648 2114 dumtaxat
669 2072 786 2130 ipiius
807 2073 1052 2115 Professores
1075 2072 1381 2127 appellationes
1403 2069 1542 2110 sortiti

95 2131 187 2174 sunt
204 2160 216 2179 ,
249 2149 349 2189 quas
374 2148 507 2173 tamen
526 2149 665 2174 omnes
684 2150 914 2190 temporum
935 2135 1140 2190 progressu
1162 2134 1351 2173 Monaclii
1389 2146 1541 2173 nornen

94 2194 252 2238 delevit
270 2225 279 2236 .
295 2197 415 2241 Unde
435 2194 582 2238 fastum
601 2198 652 2237 est
672 2225 684 2244 ,
717 2210 759 2236 ιιι
779 2198 1079 2249 Monatliorum
1110 2198 1224 2236 Ordo
1255 2195 1447 2235 omnibus
1469 2197 1544 2234 Or.

956 2261 986 2298 B
1024 2271 1044 2298 :2
1441 2259 1543 2295 dini—
