1840 2656
292 211 487 272 partibus
504 238 515 257 ‚
531 223 576 252 ut
593 223 639 251 cx
655 207 801 251 eisdem
818 159 1022 252 Congisiils
1035 160 1101 259 :73¹
1128 210 1220 266 quis
1238 209 1398 251 mature
1415 206 1655 255 consideret,
1674 206 1734 251 fa-

290 275 371 317 cil&
394 276 620 330 comperiet
637 301 651 320 ,
667 287 758 313 cum
773 271 910 326 aliqua
929 274 1125 316 Concilia
1152 300 1166 321 ,
1192 276 1234 314 in
1251 270 1449 328 Hispania
1479 268 1695 327 praesertim
1717 297 1732 319 ,

291 340 473 378 virorum
492 364 504 384 ‚
523 334 864 388 foeminarumque
882 336 1172 378 Monachatum
1195 334 1371 376 stabilire
1388 336 1698 389 procuraverint
1719 357 1732 371 .

292 398 550 454 Qamquam
569 398 667 437 vero
684 396 838 436 constet
854 422 868 443 ‚
890 396 1156 453 Presbyteros
1178 424 1191 444 ,
1217 401 1256 440 &
1274 397 1502 438 Monachos
1527 407 1728 435 nonnum-

290 475 413 516 quam
433 456 781 500 indiscriminatim
797 469 988 513 acceptos
1008 458 1118 500 fuisse
1137 474 1146 506 3
1181 459 1222 500 id
1239 472 1374 500 tamen
1388 458 1541 499 evincit
1559 458 1731 497 Sacrum

292 523 412 565 illum
428 521 640 565 Ordinem,
655 532 724 560 aut
743 518 1050 573 presbyteratus
1062 520 1229 576 gradum
1249 548 1260 567 ,
1282 520 1448 561 minime
1467 535 1488 561 a
1505 517 1732 560 Monacho-

293 598 382 626 rum
406 583 506 623 statu
525 582 793 623 indistinctum
810 579 938 627 fuisse,
954 579 1018 623 sed
1038 583 1164 623 solum
1183 597 1262 625 non
1283 579 1396 623 fuisse
1413 580 1582 622 omnino
1604 578 1737 633 sejun·-¹

294 648 401 687 &tum
417 671 428 682 .
452 646 601 701 Neque
621 647 725 685 enim
746 656 921 700 unquam
944 646 1237 687 Monachatum
1261 647 1385 691 inter,
1399 646 1438 684 δε
1452 643 1737 683 Sacerdotium

297 708 384 749 ulla
405 705 619 748 intercessit
640 704 858 763 oppofitiO,
872 710 1058 763 quinimo
1074 708 1361 749 convenientia
1377 705 1561 761 quaedam
1584 702 1739 757 semper

296 768 377 811 fuit
396 796 408 815 ,
426 783 545 825 quam
563 783 703 822 parum
721 770 1093 810 animadverterunt
1111 770 1300 812 nonnulli
1319 767 1531 810 Authores
1549 792 1560 812 ,
1581 769 1651 823 qui
1675 779 1739 806 ru-

293 832 429 873 sticam
447 833 663 887 quamdam
695 831 991 872 Monachorum
1012 831 1180 887 speciem
1211 830 1279 871 fibi
1298 829 1502 871 finxerunt
1523 856 1534 876 ,
1553 842 1640 884 quae
1669 841 1739 867 ne-

294 890 461 936 cessario
478 892 733 934 Sacerdotali
763 894 906 934 Ordini
925 906 1207 948 opponeretur
1224 920 1234 931 .
1274 894 1380 932 Hinc
1412 891 1558 932 fastum
1583 891 1635 930 est
1654 916 1664 935 ‚
1695 900 1741 928 ut

297 967 540 1013 putarentur
559 954 754 997 Monachi
778 954 917 1009 suapte
937 970 1079 997 natura
1097 984 1110 1005 ,
1130 959 1166 996 &
1185 952 1305 1012 ipsius
1324 954 1445 995 status
1471 979 1482 998 ,
1502 965 1622 1007 quem
1649 964 1742 1006 pro-

299 1016 471 1057 fitentur
487 1045 500 1065 ‚
524 1017 761 1060 conditione
779 1045 791 1067 ,
817 1015 927 1058 fuisse
947 1020 1069 1059 initio
1088 1020 1220 1059 rustici
1242 1017 1427 1058 homines
1446 1042 1458 1062 ‚
1481 1017 1520 1054 &
1537 1012 1587 1055 ab
1611 1013 1743 1052 homi-

298 1092 398 1119 num
429 1076 624 1121 societate
645 1076 804 1134 prorsus
824 1078 1023 1134 segregari
1042 1108 1054 1127 ,
1079 1080 1208 1120 veluti
1226 1076 1399 1134 ipsiffimi
1421 1074 1596 1117 solitarii
1623 1101 1633 1120 ‚
1667 1086 1739 1114 aut

296 1142 489 1184 Eremitte
503 1170 514 1181 .
550 1145 639 1183 Nec
658 1142 979 1182 animadvertere
997 1140 1056 1182 illi
1077 1141 1296 1182 voluerunt
1315 1167 1325 1186 ‚
1356 1140 1395 1181 id
1412 1152 1502 1180 cum
1523 1140 1741 1180 ratione-..³

296 1203 422 1243 status
451 1203 646 1258 Religiofi
672 1203 846 1253 mininie
879 1204 983 1258 posse
1009 1195 1252 1245 conciliari.
1289 1204 1387 1245 Haec
1407 1215 1505 1241 vero
1529 1202 1672 1254 opinio
1687 1211 1743 1238 ex

297 1265 556 1320 quorundam
578 1265 866 1306 solitariorum
886 1263 1176 1306 consuetudine
1197 1293 1208 1312 ,
1235 1268 1304 1320 qui
1329 1263 1561 1305 Monachos
1578 1260 1654 1301 sese
1675 1274 1745 1300 vo-

297 1325 449 1367 cabant
463 1355 476 1375 ,
496 1339 539 1367 ut
554 1328 593 1368 δε
609 1328 745 1368 caeteri
765 1325 955 1382 Religiosr
974 1331 1082 1376 viri,
1102 1340 1239 1369 orrum
1258 1327 1403 1373 duxi13
1431 1327 1484 1366 At
1502 1338 1548 1364 ea
1566 1324 1627 1363 vel
1646 1335 1745 1377 prae-

301 1387 491 1441 judicatae
518 1392 641 1430 animi
660 1388 921 1442 conceptioni
941 1416 952 1435 ,
971 1389 1029 1429 vel
1054 1384 1531 1446 intelligentiae-defectui
1565 1382 1738 1426 adscribi

301 1447 444 1491 debuit
460 1478 472 1490 .
505 1454 621 1492 Sicut
632 1454 739 1491 enim
764 1449 939 1492 Ecclesia
966 1465 1099 1495 coetus
1116 1451 1328 1494 hominum
1347 1451 1401 1491 est
1422 1450 1638 1490 charitatis
1656 1449 1745 1487 vin-

301 1510 623 1552 culo'unitorum
637 1511 706 1552 sub
725 1511 962 1553 obedientia
981 1516 1179 1570 Supremo
1202 1510 1384 1554 Ecclefiae
1403 1513 1552 1552 Pastori
1580 1509 1744 1550 exhibi-

303 1584 345 1613 ta
360 1584 372 1616 3
390 1573 447 1612 ita
464 1571 762 1628 Religiosorum
781 1573 896 1613 Ordo
912 1577 1032 1615 status
1049 1574 1307 1630 perfet‘iionis
1323 1575 1378 1614 est
1395 1575 1435 1612 in
1452 1571 1533 1627 ipsa
1551 1570 1744 1619 Ecclesia,

304 1636 463 1675 unitiva
488 1634 701 1675 charitatis
719 1639 1094 1677 communicatione
1121 1638 1358 1686 conjunctus
1379 1663 1391 1681 ,
1414 1637 1450 1675 &
1471 1633 1646 1675 sociatus
1664 1660 1676 1679 ,
1694 1633 1744 1673 ad

307 1696 597 1749 acquirendam
619 1694 906 1751 perfetstionem
925 1696 1015 1738 suos
1035 1697 1279 1739 Professores
1296 1699 1480 1738 excitans
1501 1725 1511 1741 ‚
1536 1709 1579 1736 ut
1600 1708 1743 1736 revera

309 1770 547 1799 tenerentur
564 1788 576 1807 ,
595 1760 769 1798 maxime
787 1756 977 1814 adscripti
997 1777 1008 1807 5
1032 1773 1074 1800 ut
1092 1761 1223 1808 decer,
1242 1761 1400 1816 plenam
1419 1785 1430 1804 ,
1450 1761 1486 1799 &
1506 1757 1740 1801 absolutam

309 1817 441 1860 facere
461 1818 619 1860 suarum
635 1818 875 1862 facultatum
893 1823 1195 1863 abdicationem
1212 1851 1224 1871 ,
1245 1823 1326 1862 imo
1346 1824 1382 1861 &
1399 1819 1457 1860 sui
1479 1819 1600 1876 ipfius
1620 1820 1744 1859 abne-

309 1884 518 1935 gationem
539 1907 549 1927 2
568 1895 616 1922 ex
634 1880 803 1922 solemni
824 1887 944 1923 trium
967 1885 1309 1939 Evangelicorum
1329 1881 1591 1924 consiliorum
1615 1895 1714 1921 voto
1732 1903 1744 1925 2

307 1946 346 1984 ὃ(
365 1943 644 1998 promiffione-
678 1946 951 2000 Compertum
979 1950 1128 2001 quippe
1148 1948 1199 1988 est
1218 1974 1230 1993 ,
1266 1944 1461 1999 privatam
1490 1975 1503 1994 ,
1537 1959 1580 1986 ac
1613 1944 1744 1983 veluti

309 2002 563 2061 personalem
581 2004 840 2046 solitudinem
858 2036 871 2055 ,
891 2009 1136 2063 quandoque
1161 2023 1210 2048 ex
1232 2007 1471 2049 obedientia
1500 2009 1746 2047 determina-

309 2080 391 2107 tam
411 2065 523 2108 fuisse
557 2068 765 2108 nonnullis
784 2094 793 2112 ‚
810 2084 913 2123 quos
931 2070 979 2109 ad
999 2069 1212 2111 sublimem
1233 2071 1446 2125 quamdam
1465 2096 1478 2116 ,
1501 2073 1539 2109 &
1567 2073 1747 2108 eminen-

310 2142 390 2169 tem
408 2130 769 2185 contemplationis
785 2134 940 2184 apicem
964 2159 974 2176 ‚
994 2131 1206 2188 inspiratio
1225 2133 1534 2185 Omnipotentis
1550 2130 1748 2186 provehe-

308 2190 407 2239 bat,
435 2192 637 2235 donorum
659 2191 912 2247 plenitudine
944 2197 1247 2237 communicata
1266 2195 1347 2235 illis
1366 2220 1378 2239 ,
1404 2207 1506 2248 quos
1530 2194 1639 2234 Deus
1670 2190 1753 2244 spe-

1664 2251 1762 2294 ciali
