1840 2656
12 256 13 263 ,
72 220 339 268 Athanasium
360 224 523 279 impulit
543 250 555 271 ,
576 234 621 262 ut
650 170 771 276 geslff
786 168 901 263 biit}
933 218 1105 262 Antonii
1132 223 1342 263 literarum
1373 223 1521 266 monn*-

79 293 225 327 menti‘s
248 285 527 341 confignaret.
561 286 757 325 Nitriotae
773 298 821 323 ex
840 285 978 323 Nitria
1008 282 1266 324 Alexandri-13
1291 282 1396 326 Urbi·
1426 286 1523 327 loco

80 352 273 388 viciniori
294 374 305 393 ‚
325 350 365 387 in
383 361 463 403 qua
480 361 528 386 ex
550 346 770 386 traditione
790 345 1001 385 Ammonii
1021 348 1093 386 viri
1114 350 1248 400 magni
1265 349 1456 394 nominis,
1479 348 1522 387 ὃ(

81 414 248 450 virtutis
270 406 460 449 vivebant
481 437 491 447 .
511 408 696 447 Scitiotae
710 421 760 447 cx
777 406 922 447 Scethe
943 408 1086 448 Monte
1112 435 1124 453 ,
1142 410 1182 447 in
1200 422 1283 462 quo
1303 410 1520 449 moraban-

83 483 149 511 tur
164 500 178 518 ‚
202 473 295 513 dieti
311 468 423 510 fuere
441 500 450 510 .
472 470 631 509 Horum
655 469 806 509 Auctor
824 495 836 514 ,
877 471 916 510 &
931 469 1072 510 ductor
1103 470 1306 510 Macarius
1339 468 1522 510 Alexan-

80 533 220 573 drinus
237 557 248 578 ,
283 531 477 576 Urbanus
516 534 834 585 cognominatus
851 557 863 578 ,
893 545 976 586 quo
995 545 1015 570 a
1031 534 1185 586 Magno
1202 533 1382 573 Macario
1404 533 1520 572 Beati

81 593 256 636 Antonii
275 591 476 648 discipulo
493 591 1121 647 distingueretur.Tabennefiote
1136 591 1332 633 famosum
1351 596 1517 649 inAEgy-

78 669 154 711 pto
180 655 476 697 Monachorum
495 668 621 709 genus
656 654 892 694 Pacomium
912 654 1125 694 Parentem
1153 682 1163 701 ,
1192 657 1230 694 &
1259 656 1417 696 Ducem
1446 655 1523 696 ha-

81 716 203 757 buere
225 743 236 762 ,
267 720 498 772 quinorum
519 715 816 755 Monachorum
836 717 1097 756 domesticum
1116 743 1128 763 ‚
1157 713 1222 756 seu
1238 715 1442 758 familiare
1459 730 1519 757 re-

74 781 215 833 gimen
229 779 539 818 accommodata
556 781 901 825 exercitationum
918 779 1203 820 distributione
1218 779 1433 834 regulavit.
1453 780 1521 820 Se-

79 845 254 895 paratim
276 839 342 879 lua
359 837 527 893 quisque
547 838 650 880 cella
671 839 857 884 vivebat,
890 838 1040 889 semel,
1068 853 1141 880 aut
1162 843 1310 882 iterum
1330 855 1398 896 per
1419 839 1522 880 heb.

79 902 296 942 domadam
314 900 628 946 conveniebant,
646 901 693 940 de
712 904 830 942 rebus
848 900 1071 943 necessariis
1089 929 1100 947 ‚
1120 905 1306 942 oratione
1328 901 1486 943 scilicet
1500 929 1514 949 ,

81 966 120 1004 δέ
141 963 511 1018 contemplatione,
527 976 801 1018 manuumque
817 963 1178 1020 operibus,quibus
1195 963 1520 1021 occupabantur,

83 1026 306 1065 collaturi.
326 1027 598 1066 Communior
615 1023 698 1064 haec
717 1051 729 1067 ³
757 1027 796 1064 &
814 1030 941 1079 magis
961 1027 1028 1065 usu
1045 1039 1209 1080 recepta
1225 1051 1237 1071 ‚
1272 1030 1309 1066 &
1327 1025 1517 1065 laudabi-

86 1088 165 1128 lior
180 1089 340 1126 vi'vendi
360 1089 466 1126 ratio
484 1112 497 1132 ‚
531 1100 618 1140 quae
638 1089 742 1124 inter
759 1083 854 1124 illos
871 1100 1049 1142 quatuor
1065 1091 1246 1142 priorum
1281 1084 1521 1128 saeculorum

80 1148 312 1190 Monachos
329 1147 512 1188 floruerit
532 1174 544 1193 2
565 1150 603 1187 &
619 1147 701 1188 hsce
721 1158 900 1202 quatuor
917 1147 1225 1189 celebratiffima
1245 1163 1314 1204 per
1329 1149 1369 1189 id
1388 1152 1528 1190 aetatis*

77 1209 378 1251 Monachorum
408 1223 555 1264 genera
577 1207 686 1250 fuere
703 1237 713 1247 .
728 1210 830 1256 Sane
848 1214 888 1249 in
907 1210 1092 1265 pluribus
1108 1212 1244 1252 mundi
1273 1210 1457 1266 partibus
1477 1209 1524 1251 si.

78 1284 128 1310 ne
149 1271 233 1311 ulla
247 1272 508 1312 dubitatione
525 1273 563 1311 id
579 1272 789 1311 hominum
807 1286 932 1326 genus
953 1288 1029 1314 una
1047 1287 1137 1313 cum
1158 1274 1390 1314 Christiana
1424 1274 1523 1313 Pro·

74 1330 236 1374 sessione
258 1348 396 1374 natum
414 1332 626 1388 permansit
644 1357 653 1382 ς
674 1334 950 1374 profitebatur
966 1338 1116 1390 quippe
1151 1331 1415 1375 perfeetionis
1450 1336 1523 1376 sta·

78 1406 163 1435 tum
196 1400 238 1435 in
270 1394 472 1445 Ecclefia3
506 1398 556 1436 Et
578 1397 749 1451 Spiritus
767 1397 898 1436 Santffti
929 1399 1050 1437 ductu
1083 1399 1271 1451 proprios
1310 1410 1441 1437 mores
1470 1395 1522 1437 ad

77 1457 326 1512 Evangelica
344 1455 509 1499 confilia
526 1455 815 1499 conformabat
834 1487 844 1496 .
859 1460 946 1499 Nec
961 1456 987 1497 fi
1004 1463 1110 1498 inter
1133 1456 1345 1498 suscitatas
1361 1472 1381 1497 a
1403 1462 1517 1500 Gen-

77 1520 233 1560 tilitate
258 1522 514 1576 tempestates
536 1546 545 1564 ‚
578 1523 615 1560 δε
633 1517 936 1573 persecutiones
953 1519 1136 1561 Ecclefiae
1153 1547 1164 1564 ‚
1184 1532 1336 1559 certam
1359 1547 1372 1565 ‚
1392 1522 1431 1560 δι
1450 1522 1518 1562 sta.

77 1579 199 1620 bilem
225 1583 389 1622 vivendi
411 1582 593 1635 regulam
612 1595 691 1622 non
713 1578 983 1622 conservabat
1000 1605 1012 1628 ,
1028 1595 1109 1636 qua
1125 1582 1173 1620 ad
1197 1580 1518 1635 permanendum

74 1644 344 1684 immobiliter
362 1648 401 1684 in
418 1659 468 1684 eo
486 1645 587 1684 statu
622 1643 941 1699 compelleretur
958 1670 970 1690 ‚
1003 1656 1048 1683 tit
1075 1640 1214 1698 suapte
1246 1656 1390 1682 natura
1426 1639 1518 1684 fieri

76 1706 298 1759 oportebat
317 1717 327 1747 3
351 1707 513 1746 vivebat
533 1719 669 1747 tamen
685 1721 735 1746 eo
753 1733 765 1752 >
797 1719 881 1760 quo
899 1719 1059 1759 poterat
1076 1732 1088 1750 ,
1109 1704 1271 1746 meliori
1290 1704 1412 1744 modo
1436 1703 1517 1745 Re.

74 1764 314 1820 ligiosorum
335 1770 455 1810 instar
474 1796 486 1815 ,
517 1783 618 1823 quos
638 1766 864 1808 Monathos
889 1768 1062 1807 dicimus
1082 1793 1095 1815 ‚
1121 1780 1163 1806 ut
1181 1781 1230 1807 ex
1252 1765 1455 1808 Conciliis
1472 1769 1516 1807 in

78 1827 273 1883 Hispania
293 1831 510 1871 celebratis
527 1845 594 1883 per
608 1831 680 1871 illa
696 1832 832 1886 priora
848 1827 988 1870 saecula
1004 1830 1219 1884 colligitur
1236 1858 1247 1877 ,
1269 1832 1391 1869 etiam
1412 1842 1515 1869 tem-

77 1892 247 1946 poribus
283 1892 363 1932 illis
393 1890 669 1934 infelicissimis
702 1920 714 1940 ,
747 1891 897 1948 quibus
938 1890 1297 1946 Constantinopoli
1346 1888 1518 1946 profefii

75 1952 255 2000 Ariani,
274 1956 312 1992 δέ
331 1954 494 2002 Gothi,
514 1952 728 2009 Hispanias
746 1952 976 1995 invaserunt
995 1983 1005 1993 .
1026 1956 1167 1995 Plures
1187 1967 1280 1993 tunc
1300 1959 1339 1992 in
1368 1951 1516 2008 Hispa-

74 2017 184 2054 niam
199 2029 248 2054 ex
267 2019 435 2056 Oriente
457 2045 466 2063 ‚
497 2030 541 2056 ac
562 2020 735 2056 maxime
754 2032 800 2057 ex
825 2020 984 2059 Graecia
1008 2019 1121 2058 Ritus
1139 2048 1150 2064 ,
1169 2013 1344 2071 quemad
1364 2018 1516 2056 nodum

74 2077 117 2116 in
138 2075 263 2131 ipsam
283 2079 512 2131 Liturgiam
531 2080 675 2117 investi
696 2106 709 2125 ,
745 2091 787 2118 ut
805 2092 921 2118 vetus
943 2081 1247 2119 Mozarabicum
1277 2077 1432 2117 Miil'Ae
1446 2079 1515 2118 de-

74 2142 285 2186 monstrat,
307 2138 355 2178 fic
376 2142 416 2178 in
436 2138 562 2192 ipsum
582 2140 880 2180 Monachatum
903 2142 994 2180 inde
1018 2154 1150 2180 mores
1170 2142 1421 2193 comportati
1440 2166 1451 2178 .

132 2201 246 2257 idem
262 2199 346 2247 fere
359 2206 400 2245 in
418 2201 560 2248 Gallia
575 2199 727 2243 factum
741 2203 812 2251 est,
831 2215 956 2259 atque
976 2206 1019 2244 in
1036 2203 1127 2246 aliis
1146 2202 1366 2247 Christi-ini
1390 2201 1515 2241 Orbis

1432 2276 1520 2318 PU!
