1840 2656
914 180 1109 225 (xxx)

291 237 398 280 idem
416 231 584 290 egregie
601 231 795 287 deinceps
812 231 1002 288 praestitit
1029 229 1204 274 Isidorus
1226 232 1379 274 Graecae
1400 229 1571 287 Linguae
1598 231 1735 276 admo-

287 302 383 341 dum
400 299 556 354 peritus
579 325 593 345 ,
611 308 697 351 qno
726 291 875 335 factum
896 295 950 335 est
967 322 979 341 ,
1005 307 1049 336 ut
1067 294 1153 351 ipso
1173 292 1312 336 seculo
1335 294 1511 349 septimo
1528 293 1736 349 Hispanus

287 359 562 404 Monachatus
580 354 873 412 elegantissime*
889 369 1101 412 regeretur
1120 382 1133 397 .
1168 358 1329 414 Utique
1364 355 1387 395 fi
1409 354 1555 397 horum
1577 368 1737 412 tempo-

287 437 376 467 rum
390 421 621 463 Monachos
651 417 848 473 peculiari
868 442 880 465 ,
898 420 938 459 &
955 421 1123 475 proprio
1141 423 1306 461 nomine
1324 418 1499 460 distincti
1517 417 1698 459 Instituti
1720 444 1735 466 ‚

287 489 429 540 utjam
448 496 554 524 nunc
573 479 642 523 usu
658 478 747 521 fieri
764 493 974 535 receptum
987 481 1045 522 est
1063 509 1075 529 ,
1090 494 1238 523 vocare
1255 480 1452 522 vellemus
1472 478 1493 533 (
1513 480 1625 536 quod
1642 476 1738 522 san&

286 562 310 590 a
330 544 643 588 moribusillius
676 545 809 584 aetatis
836 540 1118 585 alieniffimum
1146 546 1270 599 erat)
1304 541 1490 584 Basiliani
1511 540 1636 583 effent
1669 555 1738 597 ap-

286 607 501 667 pellandis
537 607 731 661 quoniam
758 603 1072 646 substantialiter
1088 633 1102 654 ,
1120 606 1224 652 &ex
1242 618 1356 662 parte
1382 607 1440 645 rei
1457 617 1575 646 erant
1595 630 1608 651 ,
1642 617 1736 644 cum

286 668 477 729 expresse
498 696 511 716 ,
528 671 567 710 &
585 666 815 710 formaliter
836 692 848 712 2
867 679 1059 708 votorum
1077 665 1360 723 profeffionem
1378 670 1618 708 emitterent
1638 690 1650 710 ,
1664 667 1736 720 qui

285 748 375 776 mos
396 747 446 774 ex
468 730 623 787 Regula
641 759 653 779 ,
675 728 750 771 five
769 730 943 773 Canone
965 731 1099 772 Sancti
1125 729 1262 771 Basilii
1294 726 1374 771 fuit
1394 730 1578 770 inductus
1594 757 1604 767 .
1645 729 1736 769 Hac

283 807 424 838 autem
440 794 489 835 de
507 808 549 834 re
568 791 673 835 nihil
694 806 870 849 unquam
901 804 982 847 ego
1009 792 1299 833 contenderem
1318 818 1331 838 2
1352 791 1448 832 esset
1463 794 1570 831 enim
1597 791 1645 831 de
1664 803 1736 830 no.

283 860 391 899 mine
413 884 425 905 ,
447 859 485 897 &
501 869 600 897 voce
619 856 784 911 quaestio
798 881 812 902 ,
834 867 922 909 quae
943 853 1048 893 nihil
1079 853 1127 893 ad
1146 846 1224 893 Dei
1249 853 1449 894 honorem
1467 879 1479 899 ,
1500 855 1539 893 &
1555 853 1735 907 gloriam

285 917 497 961 conferret
511 946 524 966 ,
544 929 798 974 quapropter
814 914 925 971 quod
941 928 1133 955 noveram
1156 928 1231 970 pro
1249 917 1440 956 veritatis
1464 928 1601 955 amore
1621 926 1737 970 aper-

283 979 326 1022 te
356 978 511 1038 protuli
533 1007 545 1029 ‚
563 978 714 1036 absque
745 993 796 1019 eo
824 976 934 1033 quod
969 979 1209 1030 opinionem
1239 978 1452 1031 proderem
1470 1003 1484 1024 ,
1517 978 1557 1015 Sc
1577 974 1737 1016 senten-

285 1043 390 1084 tiam
409 1041 516 1082 rec'te*
531 1041 742 1081 deductam
759 1054 808 1079 ex
826 1037 1106 1078 fundamentis
1131 1037 1271 1092 aperte
1292 1039 1528 1079 constitutis
1555 1052 1631 1094 ope
1649 1041 1736 1090 eius

286 1106 441 1147 laboris
462 1132 476 1152 ,
494 1116 615 1159 quem
643 1102 737 1143 laeto
756 1103 895 1141 animo
917 1098 1072 1155 semper
1088 1097 1221 1145 subii,
1248 1113 1332 1155 quo
1350 1102 1570 1141 veritatem
1589 1097 1737 1156 assequi

283 1169 465 1209 valerem
484 1193 496 1213 ‚
514 1178 635 1220 quam
659 1161 902 1218 Apoctyphi
920 1162 1088 1216 quidam
1111 1161 1418 1203 Chronicorum
1441 1162 1674 1217 Scriptores
1695 1163 1736 1201 in

281 1231 425 1270 nostris
442 1228 592 1280 Regnis
616 1223 848 1265 infaeliciter
882 1219 1206 1266 obscuraverunt
1221 1249 1234 1271 ,
1262 1221 1505 1278 Argaizium
1524 1250 1536 1271 ‚
1556 1226 1739 1264 Patrem.

280 1306 361 1346 que
381 1291 567 1344 Higuera
599 1284 795 1342 sequuti,
821 1287 862 1328 δι
894 1283 1111 1340 plerosque
1142 1285 1278 1333 alios,
1316 1289 1387 1341 qui
1427 1286 1477 1327 ab
1502 1285 1735 1338 hujusmodi

279 1350 467 1394 fontibus
500 1348 757 1391 turbulentas
785 1360 912 1403 aquas
946 1344 1170 1389 hauserunt
1187 1374 1200 1387 .
1233 1350 1387 1389 Omnes
1411 1361 1547 1391 tamen
1577 1347 1734 1403 sapien-

286 1417 416 1456 tiores
435 1414 589 1455 Critici
605 1424 677 1452 eos
699 1413 893 1463 rejiciunt
911 1437 924 1450 .

346 1478 515 1520 Gratias
542 1473 619 1515 tibi
641 1469 731 1513 sane
746 1487 825 1527 ago
842 1472 964 1526 quam
984 1474 1183 1516 maximas
1203 1501 1218 1522 ‚
1239 1472 1350 1528 quod
1365 1473 1610 1515 Monasticas
1628 1501 1642 1522 ‚
1659 1474 1735 1515 Ec·

285 1534 608 1591 clefiasticasque
626 1538 902 1590 antiquitates
919 1536 1060 1577 nostrae
1082 1537 1277 1576 Nationis
1293 1559 1305 1581 ‚
1324 1535 1464 1583 doeio,
1483 1536 1735 1590 eruditoque

286 1600 432 1644 labore
454 1622 466 1642 ‚
483 1597 599 1638 unice
629 1595 783 1650 semper
814 1597 1068 1651 inquirendae
1092 1599 1262 1638 veritati
1298 1599 1511 1642 intentus,
1534 1596 1733 1638 illustrare

282 1672 457 1704 conatus
472 1672 534 1703 es3
550 1674 630 1714 qua
653 1659 693 1698 in
712 1673 751 1698 re
773 1669 811 1698 te
828 1659 1013 1699 aemulari
1032 1659 1156 1699 nostri
1176 1661 1336 1713 generis
1356 1658 1544 1700 homines
1567 1686 1580 1704 2
1600 1673 1735 1716 neque

270 1719 538 1765 *clarissimam
555 1720 832 1762 eruditionem
861 1733 973 1762 tuam
1002 1720 1218 1774 dedignari
1243 1736 1255 1769 3
1280 1721 1466 1776 quinimo
1485 1734 1647 1776 gratum
1669 1747 1682 1768 2
1698 1724 1737 1762 &

285 1797 502 1839 acceptum
520 1782 704 1823 laborem
726 1781 877 1823 habere
895 1782 1004 1823 hunc
1024 1795 1139 1823 tuum
1155 1807 1168 1826 2
1185 1782 1366 1823 nobilem
1388 1784 1502 1839 aeque
1519 1809 1530 1829 ,
1549 1797 1594 1824 ac
1611 1781 1735 1839 profi.

281 1845 774 1893 cuum2debercnt2etiam
791 1842 816 1883 fi
836 1847 1034 1893 eveniret,
1045 1857 1088 1884 ut
1104 1843 1226 1884 rebus
1245 1847 1286 1886 in
1304 1849 1501 1898 majorem
1522 1844 1654 1886 lucem
1673 1859 1738 1886 re-

280 1905 630 1963 daStismovisque
648 1909 872 1962 compertis
890 1909 1434 1962 monumentis,argumenta
1456 1911 1736 1962 reperirentur

284 1988 373 2028 quae
393 1974 641 2012 contrariam
666 1971 903 2025 opinionem
920 1967 1214 2010 confirmarent
1231 1997 1242 2008 .
1310 1972 1442 2010 uoties
1459 1972 1565 2010 enim
1584 1973 1735 2011 veritas

282 2038 323 2076 in
344 2035 477 2075 lucem
502 2030 713 2089 profertur
728 2058 743 2077 2
760 2030 963 2087 sapientes
987 2034 1061 2072 viri
1079 2031 1193 2072 illam
1217 2033 1518 2087 amplectuntur
1535 2057 1548 2079 ‚
1564 2045 1609 2073 ut
1634 2029 1736 2084 saepe

284 2110 324 2138 te
342 2096 545 2137 dicentem
564 2096 701 2139 audivi
715 2117 726 2138 ›
742 2093 817 2135 Vir
835 2093 1081 2135 ornatiffime
1100 2119 1112 2141 ‚
1131 2096 1266 2149 quain
1283 2109 1324 2135 re
1351 2097 1510 2135 eximiae
1529 2093 1734 2134 modestiae

283 2172 361 2200 tuae
381 2158 583 2215 specimen
602 2158 685 2200 sum
703 2157 946 2197 admiratus.
965 2156 1028 2196 Ad
1049 2171 1110 2197 me
1124 2157 1235 2211 quod
1255 2160 1420 2206 attinet,
1440 2169 1483 2197 ut
1501 2169 1619 2195 verus
1638 2150 1735 2195 His-

279 2235 404 2276 panus
420 2248 434 2269 ,
464 2236 526 2263 me
556 2221 632 2265 tibi
651 2221 883 2264 devinctum
901 2216 1100 2278 profiteor
1117 2218 1171 2261 ob
1188 2233 1234 2262 ea
1251 2248 1265 2271 ‚
1283 2234 1372 2277 quae
1403 2223 1443 2262 in
1465 2218 1596 2261 lucem
1614 2218 1734 2259 edere

1658 2293 1732 2319 vo·
