1840 2656
904 166 1084 213 (viii)

267 221 369 263 ralia
397 223 526 262 totius
543 220 712 261 Ordinis
728 219 917 261 Comitia
939 233 1111 261 vocatus
1138 215 1304 263 accestis
1344 215 1476 257 nihilo
1497 228 1629 258 tamen
1649 219 1724 259 mi·
1777 259 1779 263 Α
1810 220 1826 268 ,“

265 299 337 323 nus
365 283 507 325 seriam
530 281 813 323 Ecclefiasticae
830 282 1019 322 Historiae
1039 295 1207 335 operam
1228 281 1326 320 dare
1342 309 1354 327 ,
1395 293 1439 320 ut
1467 293 1537 334 per
1559 293 1721 333 tempus

267 346 425 387 licebat
443 374 454 394 ,
471 343 729 384 neceffariuin
749 342 960 395 judicavi.
994 341 1131 396 Qare
1153 356 1353 395 quantum
1374 355 1425 381 ex
1445 338 1556 381 hisce
1585 341 1726 382 Histo-

269 412 335 450 riae
360 408 496 449 studiis
521 407 753 459 conjeistura
781 418 927 458 capere
945 405 1068 444 datur
1087 431 1101 451 ,
1119 403 1456 445 Differtationem
1478 416 1590 443 tuam
1609 404 1724 444 omni

269 470 388 510 lande
403 470 453 511 eo
471 469 635 523 dignam
655 467 813 518 judico,
832 466 945 518 quod
967 477 1130 506 maturo
1151 465 1309 517 judicio
1328 465 1418 506 usus
1437 492 1447 511 2
1462 478 1580 505 extra
1597 465 1727 506 docu-

271 546 406 572 menta
424 559 435 578 ,
466 529 616 586 quibus
643 526 860 568 necessario
879 528 1061 568 Historia
1093 529 1170 566 niti
1198 527 1349 574 debet,
1379 541 1460 567 non
1499 541 1723 568 excurras.

274 589 599 647 Hispaniensium
622 594 729 629 enim
747 589 1037 631 Conciliorum
1057 589 1346 629 austoritatem
1364 616 1376 635 ³
1392 591 1430 629 &
1447 587 1727 641 probatiffima

274 667 541 696 monumenta
558 650 729 692 adhibes
744 677 752 688 .
790 649 847 690 At
870 653 989 691 Pater
1010 650 1256 692 Scarmalius
1275 666 1324 690 ex
1343 664 1481 690 amore
1501 676 1512 695 2
1529 665 1612 706 quo
1629 647 1723 690 suos

276 717 475 771 Collegas
491 712 769 771 prosequitur,
785 726 1071 766 argumentum
1090 717 1236 752 trat‘tat
1254 740 1263 750 .
1288 715 1378 753 Hos
1394 726 1472 766 ego
1496 726 1541 753 ut
1563 712 1729 761 douos,

277 781 513 819 &eruditos
536 773 611 815 esse
632 774 810 813 libenter
828 772 962 814 fateor
983 802 994 822 ‚
1017 777 1074 814 ita
1104 777 1168 828 pia
1188 801 1199 819 ,
1217 776 1255 815 &
1281 773 1472 829 religiosa
1494 799 1505 818 ‚
1523 786 1568 814 ut
1591 777 1648 814 ita
1666 772 1730 814 lo-

276 854 407 894 quar,
438 839 669 879 ambitione
683 837 806 882 duci,
830 836 879 875 ad
899 839 1074 890 propriae
1101 835 1267 876 familiae
1292 835 1543 890 dignitatem·
1574 849 1730 890 augen-

275 902 368 942 dam
389 928 399 946 ‚
420 897 563 940 censeo
587 924 597 935 .
633 895 935 936 Benedistinam
950 897 1166 937 Familiam
1185 896 1370 952 pluribus
1388 897 1435 937 de
1450 896 1592 944 causis,
1609 901 1647 938 ὃ(
1663 911 1730 939 ve.

278 977 396 1004 neror
415 992 427 1011 ‚
446 965 484 1003 δε
500 960 594 1001 colo
611 985 625 1004 2
645 957 774 1012 diligo
789 961 912 998 etiam
933 957 1152 1014 praesertim
1173 986 1184 1006 ,
1201 959 1311 1014 quod
1331 958 1515 1012 plurimis
1532 985 1544 1005 ,
1570 956 1733 1014 suisque

278 1023 557 1080 dignitatibus
575 1019 771 1060 decorata
793 1045 804 1063 2
824 1021 1066 1061 mendicatis
1088 1019 1253 1060 aliunde
1270 1020 1500 1061 honoribus
1521 1034 1602 1061 non
1620 1021 1727 1061 indi-

280 1101 375 1142 geat
394 1116 403 1126 .
442 1086 499 1126 At
532 1085 683 1123 veritas
719 1081 806 1122 Soli
823 1086 911 1134 jure
934 1086 1082 1124 merito
1102 1096 1364 1138 comparatur
1379 1106 1391 1128 ‚
1410 1086 1481 1138 qui
1507 1081 1578 1123 etfi
1598 1097 1725 1138 quan·

283 1150 419 1205 doque
437 1145 663 1192 nubiletur,
682 1142 940 1185 nitidiffimus
964 1158 1099 1185 tamen
1119 1143 1209 1186 suos
1227 1142 1380 1199 semper
1400 1143 1521 1185 orbes
1539 1142 1728 1193 conficit,

282 1214 384 1266 quin
403 1212 570 1251 nubium
597 1220 770 1262 vapores
800 1207 985 1248 Solarem
1005 1206 1154 1247 molem
1175 1207 1337 1247 valeant
1366 1206 1428 1246 vel
1448 1203 1610 1246 inficere
1631 1233 1639 1251 ‚
1661 1206 1726 1248 vel

286 1286 497 1328 penetrare
517 1297 528 1315 ,
554 1269 639 1310 imb
667 1268 1119 1323 interpositam'nubem
1153 1267 1232 1324 ipse
1264 1264 1331 1308 sua
1355 1265 1445 1308 luce
1481 1269 1635 1320 disjicit
1656 1296 1668 1315 ,
1689 1271 1731 1310 &

291 1334 542 1376 manifestat.
580 1334 625 1372 In
650 1332 756 1371 hunc
775 1328 903 1372 ferme
921 1332 1085 1372 modum
1107 1335 1261 1371 veritas
1276 1355 1286 1375 ³
1303 1332 1340 1371 &
1364 1326 1455 1371 suos
1473 1331 1646 1371 ostentat
1665 1344 1731 1373 ra-

286 1396 376 1437 dios
393 1425 404 1443 ,
424 1397 463 1437 Sc
483 1396 633 1435 erroris
665 1394 824 1448 detegit
849 1392 1146 1435 obscuritatem
1163 1421 1176 1434 0

348 1459 392 1499 Id
407 1487 418 1507 ,
438 1454 757 1497 VirClariffime
774 1484 788 1503 ,
805 1454 902 1496 satis
926 1458 1103 1498 modesta
1119 1453 1390 1511 Responfione
1407 1455 1591 1497 declaras
1611 1456 1696 1498 illis
1716 1482 1730 1503 2

288 1521 358 1572 qui
378 1517 463 1558 suas
479 1518 820 1558 ratiocinationes
836 1531 885 1556 ex
903 1515 1029 1558 firmis
1046 1543 1056 1561 2
1079 1520 1117 1557 &
1135 1517 1344 1558 stabilibus
1360 1521 1635 1559 monumentis
1656 1519 1730 1560 eli.

288 1581 423 1619 ciunt.
464 1575 852 1618 Porro-doe‘tiffimus
869 1575 991 1626 Sales,
1009 1578 1166 1633 optime
1183 1579 1414 1619 constitutis
1430 1577 1726 1629 fundamentis,

286 1637 395 1680 suam
422 1639 579 1678 excitat
596 1636 836 1679 sententiam
854 1665 866 1684 ,
886 1640 997 1694 quod
1023 1652 1116 1680 raro
1136 1640 1353 1681 admodum
1373 1640 1658 1695 Scriptoribus
1679 1645 1729 1685 de

287 1699 409 1741 rebus
432 1701 573 1755 patriis
595 1697 880 1742 disserentibus
898 1704 1077 1757 contigit
1096 1728 1106 1739 .
1141 1702 1252 1758 Saepe
1273 1704 1380 1741 enim
1402 1706 1578 1756 partium
1596 1706 1727 1746 studio

286 1761 449 1818 abrepti
477 1761 526 1802 cb
541 1773 712 1802 conatus
729 1759 820 1803 suos
835 1763 1018 1818 dirigunt
1034 1791 1046 1810 ,
1063 1764 1145 1820 quo
1164 1777 1470 1819 praeconceptus
1486 1769 1645 1819 generis
1665 1765 1727 1808 sui

287 1837 402 1864 amor
419 1823 624 1877 impellit3
662 1823 771 1879 quod
787 1824 898 1864 certe
914 1824 1130 1880 plerosque
1158 1824 1386 1881 deturpasse
1407 1840 1593 1867 novimus
1616 1855 1627 1866 .
1663 1830 1724 1871 Ex

284 1898 330 1926 ea
349 1899 444 1924 vero
466 1897 506 1923 re
525 1882 722 1925 summum
740 1886 1076 1940 impedimentum
1099 1915 1111 1934 ,
1130 1887 1278 1928 nedum
1294 1887 1496 1931 Historiae,
1512 1887 1577 1929 sed
1595 1891 1634 1930 &
1655 1892 1725 1943 Ju-

283 1949 337 1986 ris
357 1944 582 2000 prudentiae
597 1973 610 1994 ,
631 1944 783 2002 ipfique
800 1948 983 2002 prafficae
1003 1949 1246 2005 Theologiae
1262 1948 1396 1990 afferri
1415 1947 1515 1990 solet
1529 1965 1640 2006 ‚qu-‘e
1656 1952 1728 1993 be-

283 2024 332 2053 ne
350 2011 577 2068 dispositam
596 2016 719 2055 animi
747 2012 983 2058 facultatem
1002 2015 1115 2057 illam
1135 2044 1146 2063 ,
1165 2031 1286 2073 quam
1322 2009 1556 2072 σαυτῆξησιν
1585 2021 1721 2062 Graeci

282 2087 430 2114 vocant
444 2100 456 2119 ,
474 2078 690 2128 requirunt
705 2102 717 2114 .
749 2078 960 2132 Siquidem
982 2091 1094 2119 error
1111 2094 1159 2119 ex
1177 2079 1419 2122 dedueki'one
1440 2086 1572 2122 oritur
1588 2109 1601 2128 ,
1630 2095 1720 2136 quae

281 2133 438 2190 aliquid
467 2133 610 2176 falsum
633 2140 835 2193 principio
864 2138 1106 2186 universali,
1133 2140 1196 2181 vel
1223 2142 1725 2198 particulariconjungit5

282 2198 392 2249 quod
409 2195 616 2239 subtiliter
635 2199 865 2255 explicavit
881 2200 1109 2258 Angelicus
1139 2204 1204 2246 De
1221 2206 1349 2247 verit.
1364 2218 1452 2260 qua
1466 2210 1506 2247 6·
1522 2200 1723 2262 &synde‘

280 2270 322 2296 τε
338 2269 351 2297 1
366 2262 484 2300 artic.
505 2276 546 2302 2.
1618 2267 1728 2309 cum
