1840 2656
729 184 907 227 (xix)

93 235 249 277 Graecis
266 234 434 282 dicitur,
454 246 601 275 eaerat
620 233 862 275 authentica
879 233 1011 275 forma
1027 258 1040 277 s
1062 228 1283 275 secundum
1302 248 1425 291 quam
1443 239 1545 280 Pro.

88 295 200 338 feffio
226 295 414 338 Ascetica
431 295 702 338 emittebatur
717 324 732 344 ,
749 296 854 336 unde
868 294 1098 351 Regulares
1114 297 1485 348 constituebantur,
1499 304 1540 343 δε

89 359 259 415 proprie
276 360 368 400 dieti
388 357 580 399 Monachi
599 388 610 399 .
646 361 756 401 Itaut
771 361 811 399 in
827 356 1032 413 Hispania
1046 385 1060 405 ,
1082 370 1169 400 tum
1187 360 1229 400 in
1248 357 1342 400 aliis
1360 365 1541 417 regioni·

89 420 164 462 bus
178 451 190 470 ‚
215 435 304 478 quae
334 421 540 462 variorum
572 422 914 464 Monastetiorum
947 419 1190 462 dicebantur
1220 420 1387 477 Regulae
1418 428 1539 465 variis

85 481 343 525 Auctoribus
366 480 603 531 attributae,
622 483 819 526 videlicet
850 484 1011 525 Sanctis
1033 481 1302 528 Columbano
1321 509 1337 531 ,
1353 482 1510 527 Ifidoto
1526 515 1540 535 ,

87 542 329 594 Fructuoso,
347 546 385 586 &
401 544 495 586 aliis
512 571 524 591 ,
541 560 642 601 quas
661 550 701 588 in
724 544 976 601 Regularum
993 546 1197 589 Codicem
1217 545 1351 588 Lucas
1372 546 1541 590 Holste-

82 610 175 649 nius
193 608 352 662 redegit
368 635 382 655 ,
405 611 721 649 convenientius
746 621 996 649 vocarentur
1006 609 1167 662 Typica
1185 627 1199 655 2
1226 607 1305 650 five
1320 607 1542 652 consuetu-

82 671 225 718 dines,
250 683 369 726 quam
392 669 585 724 Regulae.
619 669 712 719 Qua
731 670 779 711 de
800 668 921 712 causa
939 668 1120 712 Ecclefia
1136 668 1221 727 ipsa
1234 668 1382 721 inJure
1400 672 1540 714 Cano-

84 735 183 774 nico
200 744 381 787 quatuor
393 731 612 774 dumtaxat
635 732 810 788 Regulas
830 733 1093 775 authenticas
1110 735 1357 790 recognovit
1376 760 1390 782 ,
1404 733 1540 790 Basilii

78 793 258 841 scilicet,
278 793 520 850 Augustini,
538 795 746 837 Benediffl
763 823 776 842 ,
792 798 831 838 δι
850 795 1014 838 tandem
1035 794 1241 840 Ftancisci
1256 824 1270 846 ‚
1295 796 1449 853 utpote
1467 798 1539 839 Ec-

77 855 207 899 clefiae
223 858 472 898 auctoritate
500 855 796 913 comprobatas
808 884 823 895 .

143 921 185 960 Si
207 918 356 960 titulus
375 917 932 974 trigefimusCanonicarum
950 918 1262 962 Institutionum
1278 947 1292 969 ‚
1309 932 1412 976 quas
1428 920 1537 967 dt..

81 981 279 1023 mandato
300 982 457 1022 Summi
479 978 696 1023 Pontificis
712 981 1004 1024 Lancellottus
1018 981 1180 1037 digeffit
1197 1008 1211 1028 ,
1230 996 1323 1026 cum
1343 981 1435 1038 ipsis
1455 984 1546 1024 Dea

77 1044 299 1086 cretalium
320 1042 456 1084 titulis
471 1046 709 1085 conteratur
722 1069 736 1089 ‚
754 1044 803 1083 de
820 1045 924 1084 statu
939 1045 1243 1086 Monachorum
1261 1071 1275 1090 ,
1294 1045 1334 1083 δι
1352 1045 1538 1086 Canoni-

76 1120 221 1148 corum
236 1136 249 1155 ‚
264 1105 313 1146 de
332 1102 633 1159 Religiosorum
654 1104 848 1146 domibus
862 1133 875 1153 ,
896 1104 945 1145 de
963 1105 1183 1162 Cappcllis
1204 1106 1532 1155 monachorum,

77 1169 258 1211 validam
289 1169 497 1223 capiemus
517 1162 792 1218 conjecturam
813 1191 827 1212 2
858 1169 896 1209 δι
913 1165 1010 1208 satis
1042 1167 1198 1209 firmam
1218 1195 1232 1215 ,
1265 1180 1312 1210 ut
1349 1169 1536 1212 dicamus

79 1230 250 1287 proprie*
275 1256 287 1276 2
307 1231 347 1269 &
362 1226 685 1271 antonomastice
702 1257 716 1277 ,
733 1230 997 1270 Mouasticam
1016 1230 1216 1286 Regulam
1250 1233 1502 1286 primitivam
1521 1259 1536 1281 ,

79 1296 118 1334 δέ
139 1293 421 1334 authenticam
438 1289 513 1332 effe
531 1291 645 1332 illam
667 1316 682 1337 2
705 1305 828 1345 quam
847 1292 961 1332 dedit
981 1293 1023 1333 S.
1040 1291 1211 1334 Bafilius
1228 1319 1239 1340 ,
1253 1306 1335 1349 qua
1349 1293 1477 1341 clara,
1495 1296 1537 1336 δέ

77 1353 261 1410 expreffa
281 1356 403 1394 trium
421 1366 616 1394 votorum
653 1349 849 1393 Profeffio
874 1350 954 1394 fuit
972 1355 1195 1396 constituta
1208 1382 1222 1403 ,
1259 1356 1365 1396 unde
1382 1353 1535 1397 factum

76 1419 132 1459 est
150 1445 162 1464 2
183 1431 226 1459 ut
244 1416 366 1456 iidem
389 1417 427 1455 δε
451 1415 575 1456 effcnt
593 1440 605 1460 ,
620 1416 659 1454 &
675 1415 913 1456 dicerentur
931 1417 1128 1458 Monachi
1147 1445 1160 1464 ,
1179 1413 1253 1458 aut
1274 1417 1500 1472 Regulares
1521 1431 1533 1460 2

76 1481 223 1536 Itaque
241 1477 435 1518 Monachi
458 1490 607 1518 nomen
625 1476 731 1517 idem
749 1478 920 1519 omnino
933 1478 1003 1518 sub
1022 1480 1285 1520 medietatem
1312 1482 1453 1530 quarti
1468 1477 1536 1522 sae-

79 1542 162 1583 culi
180 1536 400 1596 significare
417 1552 535 1594 caepit
554 1565 566 1585 ‚
583 1551 628 1578 ac
645 1539 878 1592 RegulariS,
900 1543 998 1594 quia
1013 1538 1126 1592 juxta
1145 1538 1279 1581 Bafilii
1299 1541 1442 1596 Magni
1461 1543 1536 1583 Re-

78 1604 217 1660 gulam
238 1603 361 1642 status
376 1602 627 1642 Monasticus
643 1601 691 1641 ad
714 1603 838 1642 trium
860 1614 1054 1642 votorum
1071 1599 1307 1657 religiosam
1328 1601 1537 1657 profeffio-

76 1679 189 1713 nem,
205 1677 327 1721 quam
352 1662 509 1717 Regula
526 1661 768 1718 praescribit,
794 1662 1078 1718 obligabatur.
1096 1665 1162 1705 Sic
1180 1665 1251 1717 Jus
1267 1665 1531 1707 Canonicum

79 1729 263 1784 praecipit
284 1753 295 1772 ,
312 1738 356 1767 ut
374 1727 409 1766 is
428 1750 440 1770 2
472 1728 543 1781 qui
563 1725 825 1765 monasticum
844 1725 1032 1766 habitum
1059 1729 1216 1781 recepit
1237 1749 1250 1771 ³
1264 1727 1350 1781 post
1380 1739 1533 1768 annum

78 1789 342 1847 probationis
359 1786 547 1842 expresse
566 1784 809 1843 profiteatur
828 1812 840 1834 ,
859 1785 897 1829 se
917 1787 1023 1828 velle
1039 1786 1234 1843 obstringi
1254 1787 1423 1844 Regulis
1440 1790 1535 1831 Mo-

75 1852 241 1894 nasterii
257 1878 269 1891 .
288 1852 384 1892 Haec
403 1848 591 1905 profeffio
609 1846 791 1905 expressa
811 1864 985 1892 vocatur
1005 1879 1018 1899 ,
1035 1855 1134 1906 quia
1152 1849 1263 1893 clare
1281 1878 1294 1899 2
1328 1853 1368 1893 δι
1390 1851 1533 1906 apertex

75 1915 182 1956 hanc
200 1910 505 1968 obligationem
523 1911 655 1954 Basilii
674 1912 829 1967 Regula
847 1913 1009 1955 inducit
1027 1916 1205 1955 :Tacita
1221 1912 1319 1955 verb
1336 1912 1530 1956 Profeffio

76 1990 126 2018 ea
140 1976 195 2017 est
208 2002 223 2023 ‚
242 1989 292 2017 ex
311 1989 393 2031 qua
410 1989 481 2032 per
499 1973 741 2016 sufficientes
761 2001 774 2021 ,
791 1977 1017 2017 &idoneas
1037 1979 1292 2029 conjesturas
1312 1988 1526 2031 appareat,

79 2038 261 2094 aliquem
283 2035 387 2078 velle
419 2051 619 2093 perpetuo
634 2039 728 2078 Deo
749 2040 790 2077 in
807 2035 1191 2095 Religionetservire
1209 2063 1221 2084 ,
1239 2041 1279 2079 δι
1294 2040 1422 2079 vitam
1439 2052 1530 2079 mo-

79 2102 273 2142 nasticam
290 2111 409 2154 agere
429 2113 440 2143 3
470 2113 557 2151 quae
582 2100 721 2139 cadem
739 2101 817 2147 est,
839 2115 885 2141 ac
903 2100 1104 2155 regularis
1123 2101 1287 2142 vivendi
1306 2102 1432 2148 ratio,
1451 2098 1530 2141 sive

77 2163 164 2219 ipsa
186 2174 379 2204 votorum
399 2159 586 2215 proieffio
604 2187 617 2208 ,
646 2174 768 2217 quam
785 2161 947 2205 differte
976 2161 1173 2206 Bafiliaua
1198 2161 1361 2218 Regula
1377 2159 1529 2204 facien-

79 2226 172 2268 dam
190 2225 263 2268 effe
282 2221 527 2280 praescribit.
1374 2263 1378 2268 ,
1406 2262 1409 2264 ,
1431 2267 1435 2271 .
1504 2253 1510 2282 ζ

829 2286 867 2329 C
903 2300 923 2327 2
1435 2286 1527 2327 Mo-
