1840 2656
919 191 939 235 (
961 189 991 224 x
1008 190 1033 224 x
1049 190 1061 223 i
1079 189 1139 232 v>

315 240 548 295 jee‘iionem,
567 241 607 284 δε
625 240 918 297 discipulatum
939 242 1217 296 includit,quo
1232 238 1528 281 Monachorum
1546 241 1649 282 ordo
1664 237 1758 286 sm

319 303 660 346 consummativis
683 300 933 345 Pontificum
951 302 1177 345 virtutibus
1192 303 1448 358 acquirendis
1467 301 1651 357 obligat:
1680 305 1758 344 Di-

313 369 417 407 vinis
438 368 543 407 enim
558 364 854 420 Episcoporum
870 364 1255 406 illuminationibus
1270 363 1493 406 instruendi
1511 364 1599 406 sunt
1617 366 1759 408 Mona.

311 428 377 470 chi
393 456 404 468 .
435 430 494 468 Ex
514 440 595 483 quo
617 427 718 468 illud
736 425 923 481 legitima
940 427 1229 468 consecutione
1245 427 1462 468 deducitur
1487 453 1500 473 ,
1519 427 1631 469 nulla
1649 427 1757 484 poffe

302 492 466 532 ratione
495 487 670 533 suaderi,
687 489 897 544 quomodo
916 491 1128 544 potuerint
1146 488 1340 530 Monachi
1369 488 1392 543 (
1413 502 1612 530 vocentur
1642 503 1687 531 ut
1706 489 1758 532 li-

304 553 391 600 bet,
413 551 477 591 vel
500 552 687 590 Eremitae
706 578 719 598 ‚
736 548 798 590 vel
820 549 1056 593 Coenobitae
1083 548 1102 603 )
1129 549 1217 591 ullo
1246 564 1423 606 unquam
1449 564 1631 606 tempore
1650 550 1687 592 se
1705 550 1758 592 ab

304 610 600 670 Episcoporum
619 611 856 653 obedientia
873 615 1066 656 eximere3
1091 611 1155 652 sed
1172 626 1245 654 nec
1268 611 1356 668 ipfis
1378 609 1560 653 Praelatis
1581 612 1755 670 Regula.

303 675 417 718 ribus
437 671 609 730 idipsum
629 686 850 730 numquam
871 675 989 716 licuit
1004 705 1012 715 „
1029 671 1287 730 annquam
1305 686 1403 714 vero
1424 687 1498 728 pro
1516 686 1753 730 temporum

303 739 542 779 conditione
561 736 794 777 introdue'ta
813 734 936 777 fuerit
957 738 1169 792 exemptio
1189 735 1265 777 five
1287 736 1404 793 plena
1426 761 1438 783 ‚
1455 734 1530 777 five
1547 751 1597 777 ex
1619 750 1752 792 parte,

301 799 353 843 ab
376 797 671 856 Episcoporum
690 798 1026 840 Dioecesanorum
1047 794 1340 851 jurisdistionffi
1357 809 1543 838 attamen
1562 811 1754 841 tenentur

300 875 439 919 parere
463 859 534 915 ipsi
559 864 728 903 Summo
760 860 949 901 Pontifici
971 889 982 908 ,
1002 873 1081 900 non
1109 874 1159 899 eo
1175 859 1305 901 solum
1326 859 1451 900 titulo
1469 888 1481 907 ,
1500 874 1584 915 quo
1614 862 1750 901 caeteti

299 929 454 980 quique
487 920 626 964 fideles
645 947 657 970 ‚
691 936 736 963 ut
754 923 923 963 Summo
938 921 1124 962 Ecclefiae
1146 923 1327 968 Pastori,
1369 919 1535 961 obedire
1556 934 1750 964 tenentur

297 983 385 1042 ipso
421 985 689 1037 divinojure;
714 982 778 1024 sed
808 983 1037 1040 specialiori
1067 984 1245 1036 quadam
1265 985 1424 1026 ratione
1451 979 1753 1037 (praesertiw

300 1051 340 1088 in
362 1046 445 1088 illis
474 1047 594 1086 rebus
614 1074 626 1093 ,
660 1059 747 1100 quae
776 1047 823 1085 ad
840 1046 1093 1101 disciplinam
1113 1074 1124 1092 ‚
1142 1059 1384 1097 morumque
1417 1040 1752 1086 reformationem

303 1106 546 1163 pertinent)
574 1110 614 1147 vi
635 1105 752 1163 ipsius
772 1110 858 1148 voti
881 1138 892 1150 .
910 1110 952 1150 Si
974 1111 1038 1148 cui
1057 1121 1153 1148 vero
1173 1108 1290 1149 aliter
1320 1107 1508 1148 videatur
1523 1133 1537 1152 ‚
1566 1104 1664 1148 satis
1684 1105 1754 1146 ille

302 1171 516 1216 declarat,
554 1167 589 1208 se
607 1167 832 1221 nonp'robe
854 1195 864 1214 ‚
901 1172 939 1210 δε
971 1169 1076 1209 reste
1107 1171 1290 1217 callere,
1323 1168 1422 1225 quid
1456 1167 1754 1209 Ecclesiastico-

285 1245 389 1287 Arum
407 1231 578 1271 statuum
604 1234 770 1284 propria
788 1234 935 1285 cuique
966 1234 1086 1271 notio
1119 1233 1439 1286 complestatun
1470 1228 1536 1270 sed
1561 1232 1752 1271 immuta.

299 1307 379 1338 tas,
398 1287 768 1334 &irreformabiles
788 1305 920 1331 rerum
940 1289 1134 1334 essentias
1152 1321 1163 1338 ,
1182 1296 1220 1333 δι
1236 1306 1423 1338 naturam,
1439 1306 1529 1332 cum
1558 1291 1752 1333 reforma-

296 1355 451 1396 bilibus
467 1351 687 1408 disciplinae
703 1353 981 1396 Ecclefiasticae
1001 1382 1012 1401 ,
1038 1355 1077 1396 &t
1107 1354 1324 1410 Regularis
1358 1354 1668 1396 conditionibus
1686 1381 1699 1402 2
1714 1356 1753 1396 δὲ

300 1416 451 1462 usibus,
468 1418 539 1472 qui
558 1413 815 1471 postmodum
837 1416 1063 1462 invaluere,
1102 1415 1321 1458 confundit
1338 1446 1350 1454 .

359 1478 425 1519 Ad
442 1478 731 1518 duodecimum
750 1477 872 1534 usque
890 1479 1077 1519 saeculum
1098 1504 1112 1524 ,
1139 1495 1222 1533 quo
1241 1479 1459 1519 secundum
1481 1475 1750 1520 Lateranense

298 1540 537 1585 Concilium
553 1538 631 1580 fuit
646 1538 897 1580 celebratum
916 1550 1101 1595 tempore
1122 1543 1353 1581 Innocentii
1380 1542 1416 1581 Il
1436 1569 1447 1587 ‚
1486 1554 1566 1580 tres
1587 1540 1749 1594 Regulae

297 1600 631 1649 nominabantur,
649 1601 781 1642 Sanffi
798 1600 933 1641 Basilii
952 1603 1160 1650 nimirum,
1182 1603 1315 1643 Sana-sti
1342 1602 1612 1656 Augustin1,&
1631 1605 1748 1642 §.Bm

295 1665 459 1711 nedio'ti5
479 1677 550 1703 nec
568 1675 700 1704 tamen
717 1665 779 1705 vel
798 1661 866 1718 ipfi
883 1663 1150 1704 Benedidtinae
1168 1665 1334 1719 Regulae
1351 1662 1558 1703 diversitas
1578 1664 1693 1704 anthr
1708 1677 1750 1702 n.

299 1731 381 1768 tica
398 1725 599 1767 attributa
618 1726 838 1771 invenitur,
858 1730 993 1767 necin
1014 1727 1240 1767 Monastico
1262 1728 1417 1766 Ordine
1436 1724 1644 1766 diversitas
1665 1724 1750 1766 ulla

293 1792 512 1846 reperitur.
529 1787 808 1843 Qaproptess
826 1789 950 1828 etiam
972 1786 995 1827 fi
1026 1792 1117 1844 quis
1134 1789 1233 1829 velit
1257 1788 1517 1844 persuadere,
1544 1788 1750 1828 indufiam

292 1857 373 1905 jam
391 1854 431 1891 in
449 1847 684 1906 Hispaniam
705 1847 814 1891 fuisse
838 1850 972 1893 Sa'nc'ii
993 1850 1198 1891 Benedid'ti
1221 1850 1423 1904 Regulam
1465 1863 1556 1890 ante
1595 1862 1750 1888 nonum

294 1912 482 1954 saeculum
501 1939 512 1957 ,
534 1910 646 1953 secus
663 1925 707 1951 ac
732 1926 775 1953 tu
794 1941 806 1960 ,
825 1913 898 1952 Vir
916 1910 1132 1952 doetiffime
1152 1940 1166 1960 ,
1188 1910 1281 1953 satis
1307 1910 1487 1952 fundatis
1510 1909 1749 1952 rationibus

294 1976 436 2016 ductus
457 1972 595 2022 sentis,
615 1976 654 2015 ὃς
671 1972 890 2015 confirmas
907 1998 919 2019 2
939 1987 1159 2028 numquam
1179 1988 1313 2015 tamen
1332 1979 1518 2015 evincere
1562 1973 1718 2029 poterit
1732 1999 1746 2020 ‚

296 2036 581 2079 Benedicsrinos
599 2040 679 2086 jam
700 2048 794 2078 tunc
815 2036 1036 2092 peculiare,
1053 2035 1154 2078 &ab
1168 2037 1256 2077 aliis
1278 2037 1490 2077 Monachis
1511 2037 1744 2077 distincffum

296 2101 524 2140 Institutum
548 2113 616 2155 per
635 2113 682 2139 ea
699 2111 884 2154 tempora
904 2096 1129 2139 formavisse
1147 2127 1157 2138 .
1187 2101 1338 2138 Omnes
1355 2099 1506 2140 eruditi
1528 2126 1541 2146 ,
1559 2099 1598 2137 &
1614 2110 1635 2136 a
1656 2108 1742 2149 par-

295 2164 395 2201 tium
418 2163 556 2202 studiis
576 2164 725 2203 remoti
742 2164 973 2216 Scriptores
1005 2161 1320 2215 Hispanicarum
1354 2174 1486 2202 rerum
1505 2186 1517 2204 ,
1554 2171 1630 2198 una
1650 2169 1744 2196 cum

292 2223 411 2264 docto
430 2227 621 2268 Ferreras
640 2225 744 2268 hanc
767 2223 1034 2266 Benedistinae
1052 2222 1216 2283 Regulae
1232 2225 1274 2264 in
1296 2224 1376 2266 hoc
1409 2222 1745 2322 Regnumdintror

1618 2283 1743 2322 uerio-
