1840 2656
935 165 963 200 x
977 165 1007 200 x
1021 166 1053 199 v
1067 166 1113 209 x)

285 226 582 274 promoverunt
602 244 612 255 .
633 213 810 257 Carolus
828 214 886 256 M.
903 163 1166 258 gutrimonio
1181 212 1429 271 sibijungere
1448 216 1631 256 Orientis
1648 216 1752 260 Im«.

290 280 531 335 peratricem
547 279 703 318 Irenem
723 275 860 317 sedulo
879 283 1130 333 procuravit,
1144 292 1255 318 ratus
1270 276 1320 319 fic
1338 274 1561 318 universam
1584 279 1734 320 Roma..

287 343 330 381 ni
346 340 514 394 Imperii
531 340 785 391 Majestatem
800 335 837 378 se
859 341 900 378 in
919 354 1041 380 unum
1069 341 1340 386 redacturum,
1358 353 1440 393 quo
1457 352 1540 379 non
1558 339 1729 395 adepto,

287 404 416 457 magis
428 414 474 443 ea
491 400 538 441 de
556 398 671 441 causa
687 412 922 440 commotus
937 401 990 442 est
1007 401 1196 442 adversus
1216 404 1509 456 GraecoS,quos
1523 404 1604 454 jam
1623 404 1735 443 circa

285 462 407 505 finem
436 460 559 504 seculi
577 464 708 503 oc‘tavi
724 459 871 503 exosos
900 460 1051 504 habere
1066 476 1249 519 coeperat
1264 464 1317 504 ob
1336 462 1376 503 id
1395 491 1411 511 ,η
1430 462 1541 518 quod
1558 465 1597 502 in
1614 462 1735 505 Fran-

285 520 543 568 cofordiense
560 524 759 567 Concilio
777 522 984 565 acciderat
1005 552 1019 572 ‚
1050 528 1117 566 cui
1145 524 1317 581 praesens
1347 524 1518 578 ipsemet
1544 523 1730 567 Carolus

286 585 472 629 adfuerat
491 612 503 631 ‚
541 599 633 625 cum
657 585 815 628 scilicet
834 599 884 625 ex
901 589 1140 641 ignorantia
1156 585 1251 629 fac‘ii
1269 589 1390 628 aliter
1410 589 1451 626 in
1469 587 1547 628 hac
1562 587 1733 640 Synodo

286 650 497 690 decretum
514 648 568 688 est
587 648 633 687 de
651 651 768 690 cultu
783 647 996 689 Sacratum
1012 651 1240 704 imaginum
1258 676 1268 696 ,
1305 662 1350 689 ac
1365 646 1579 689 definitum
1613 644 1729 688 fuiffe

289 715 330 752 in
346 707 517 765 septima
553 709 722 763 Synodo
761 712 1039 753 Oecumenica
1070 711 1261 752 Patribus
1292 708 1730 753 Francofordicnsibus

293 771 515 813 videbatur
534 798 545 810 .
562 774 698 813 Graeci
716 770 930 814 Catholici
954 787 976 814 a
992 772 1129 816 Gallis
1160 771 1426 814 dissenserunt
1458 772 1702 827 aliquandiu
1722 786 1734 819 ²,

291 847 334 876 at
351 847 536 888 ternpore
558 831 762 875 Ludovici
777 861 790 882 ,
810 833 905 876 Filii
925 833 1071 876 Caroli
1087 836 1228 889 Magni
1248 862 1261 882 ,
1282 834 1397 876 Galli
1416 837 1571 877 Gtaecis
1588 835 1739 874 [conoe

290 894 447 938 machis
465 894 503 936 se
521 895 822 950 conjunxerunt
843 898 886 936 in
919 896 1086 952 Synodo
1120 894 1324 937 Parifienfi
1340 925 1358 945 5
1386 911 1407 937 a
1427 910 1508 952 qua
1529 899 1734 939 Romam„

288 958 418 1014 legati
439 960 639 999 Oratores
657 956 768 1000 fuere
794 955 913 1013 super
945 971 1091 999 exorta
1121 959 1341 1014 quaestione
1357 987 1369 998 .
1404 960 1596 1000 Summus
1632 970 1733 998 vero

291 1016 482 1060 Pontifex
501 1034 687 1075 apertam
708 1045 722 1066 2
736 1023 777 1062 &
794 1019 1005 1075 positivam
1021 1020 1413 1062 determinationem
1444 1019 1580 1062 Gallis
1597 1033 1648 1060 ex
1666 1016 1736 1060 sua.

291 1082 489 1123 Pastorali
507 1082 773 1137 providentia
792 1082 964 1122 dandam
980 1096 1064 1122 non
1078 1079 1153 1122 esse
1170 1083 1373 1135 judicavit
1393 1108 1404 1127 ,
1439 1085 1593 1123 veritus
1613 1095 1662 1121 ne
1681 1085 1733 1123 ir·

286 1142 557 1186 remediabile
577 1141 760 1185 Schisma
777 1170 789 1190 ,
809 1143 923 1199 quod
940 1157 990 1183 ex
1012 1146 1240 1184 animorum
1263 1141 1526 1199 dispositione
1556 1142 1738 1187 facile-,5

286 1202 397 1246 nasci
426 1205 532 1258 posse
565 1204 815 1261 praevidebat
831 1233 844 1253 ‚
877 1204 1009 1259 reipsa
1049 1203 1232 1246 Ecclesiae
1265 1209 1468 1247 unitatem
1501 1205 1703 1246 laceraret
1722 1232 1735 1248 ι,

287 1266 379 1308 Post
398 1264 533 1307 Irenes
554 1280 625 1308 aut
638 1266 942 1321 relegationem
959 1294 972 1313 ,
992 1279 1064 1306 aut
1082 1279 1257 1306 mortem
1281 1295 1295 1315 >
1314 1266 1569 1309 dissensiones
1595 1266 1734 1323 persti-

290 1340 433 1369 terunt
449 1355 463 1376 ‚
494 1330 535 1369 &
550 1341 594 1369 ut
624 1332 666 1369 in
682 1327 998 1384 Capitularibus
1027 1327 1174 1370 Caroli
1192 1329 1333 1383 Magni
1351 1354 1364 1375 ‚
1380 1331 1419 1371 &
1446 1329 1650 1370 Ludovici
1670 1331 1735 1370 Pii

285 1401 478 1431 notatum
495 1388 685 1437 habetur,
704 1389 1008 1432 Monachorum
1025 1393 1064 1430 δε
1079 1393 1185 1431 ritus
1199 1418 1213 1438 ,
1226 1393 1267 1431 &
1287 1404 1431 1432 cantus
1449 1393 1637 1433 innovari
1655 1403 1730 1431 cae-

287 1454 349 1507 pit
365 1480 378 1491 .
403 1451 538 1493 Vetus
551 1456 661 1495 enim
688 1452 758 1493 ille
776 1455 815 1494 ὃς
835 1465 977 1494 cantus
995 1480 1009 1500 ,
1044 1451 1084 1490 ὃ(
1103 1454 1209 1493 ritus
1226 1478 1238 1497 ‚
1267 1455 1394 1509 quiin
1413 1453 1554 1496 Gallia
1572 1452 1738 1494 obtine-

287 1513 361 1556 bat
379 1540 393 1561 2
409 1515 563 1569 quique
581 1528 603 1556 a
620 1517 857 1557 Graecorum
875 1528 986 1555 more
1005 1527 1087 1555 non
1102 1514 1322 1556 admodum
1337 1528 1425 1557 erat
1442 1515 1618 1562 alienus,
1636 1513 1737 1555 abo·-

288 1573 364 1616 leri
383 1578 513 1630 coepit
529 1603 544 1623 ,
565 1577 822 1630 Romanique
839 1577 942 1616 ritus
961 1575 1115 1617 indum
1132 1601 1145 1622 ‚
1162 1576 1273 1631 quod
1290 1574 1478 1618 Ecclefiae
1503 1577 1678 1623 unitati,
1697 1578 1741 1617 δ’ὁ

290 1636 518 1678 concordiae
545 1635 730 1678 fovendae
748 1639 1058 1678 convenientius
1083 1637 1343 1690 judicabatur
1361 1669 1374 1679 .
1396 1639 1607 1679 statutum
1622 1635 1702 1678 fuit
1717 1666 1732 1686 ‚

289 1711 334 1739 ut
365 1696 554 1754 Episcopi
581 1701 821 1743 Canonicos
837 1723 850 1745 ‚
877 1700 917 1740 δι
935 1698 1164 1742 Monachos
1184 1698 1398 1742 secundum
1417 1700 1526 1742 suam
1543 1701 1738 1741 vocatio-

291 1772 382 1800 nem
405 1763 541 1802 vivere
567 1759 737 1802 sinerent
752 1790 765 1810 ‚
783 1761 1026 1803 &ordinata
1054 1762 1172 1804 statui
1200 1762 1428 1805 Monastico
1448 1763 1614 1819 Regulae
1634 1763 1735 1804 Divi

290 1823 497 1865 Benediffl
516 1821 776 1865 observantia
790 1851 803 1872 ³
820 1837 870 1865 ex
892 1828 1007 1876 cujus
1025 1822 1259 1880 praescripto
1275 1827 1456 1881 quiedam
1472 1827 1513 1867 in
1533 1824 1736 1869 Concilio

291 1882 648 1928 Francofordienfi
665 1899 820 1927 canone
837 1887 1012 1928 secundo
1026 1885 1188 1928 fuerant
1207 1889 1431 1929 constituta
1446 1916 1455 1925 .

348 1948 433 1999 Jam
451 1949 544 1990 inde
562 1963 581 1989 a
598 1946 715 1990 sexto
742 1947 880 1990 seculo
895 1951 939 1990 in
957 1948 1160 1992 Conciliis
1182 1947 1419 2006 Hispaniae,
1455 1950 1507 1992 ad
1525 1964 1613 2006 quae
1629 1950 1740 1995 Gai-

286 2006 316 2049 li
335 2011 462 2051 etiam
480 2009 672 2067 Episcopi
693 2011 885 2054 nonnulli
902 2011 1214 2064 convenerant(
1231 2024 1330 2064 tunc
1344 2016 1452 2053 enim
1471 2013 1612 2055 Gallia
1628 2015 1738 2054 Nar.

286 2069 475 2113 bonenfis
491 2073 675 2129 Regibus
696 2071 904 2129 Hispaniae
932 2073 1102 2131 parebat
1115 2072 1136 2128 )
1150 2072 1331 2115 formula
1359 2073 1434 2116 illa
1448 2089 1471 2115 a
1489 2075 1616 2117 Patre
1630 2102 1643 2121 ‚
1664 2076 1745 2121 Fi„

286 2130 412 2189 Iioque
442 2135 618 2187 procedit
636 2165 650 2185 ,
674 2136 873 2193 Symbolo
903 2141 1072 2180 Nicaeno
1106 2137 1571 2193 Constantinopolitano
1598 2133 1734 2177 fuerat

283 2196 464 2251 apposita
490 2200 642 2243 -Nono
661 2212 760 2242 vero
794 2197 933 2242 seculo
963 2198 1148 2243 Schisma
1179 2200 1472 2243 Photini'anum
1499 2203 1664 2259 erupit,
1693 2201 1739 2240 Se

1655 2263 1741 2304 ior-
