1840 2656
692 185 755 228 (X
770 186 826 221 xi
849 185 865 220 1
884 185 897 218 i
909 188 926 229 )

83 235 272 284 scandala
290 235 339 278 de
357 235 492 278 medio
505 235 654 277 tollere
670 251 817 278 conata
835 234 926 279 sunt
941 264 955 285 ‚
988 252 1076 294 quae
1094 240 1134 279 in
1151 238 1425 285 Eremitarum
1441 260 1533 290 con.

83 301 315 344 versat'one
336 299 586 341 notabantur
604 325 616 346 ‚
649 301 760 354 quod
781 299 857 341 sine
876 300 1018 356 regula
1034 329 1046 350 ,
1065 303 1102 343 ἃ
1118 299 1193 345 fine
1210 302 1456 348 obedientiae
1474 307 1535 350 su.

81 363 285 406 biectione
303 366 512 404 viverent:
533 364 807 417 reprobarunt
823 367 950 405 etiam
970 363 1105 419 plures
1123 365 1331 416 Clericos‚
1352 372 1437 424 qui,
1457 375 1534 424 pri.

81 429 188 467 vatis
223 424 478 468 utilitatibus
497 426 606 466 ducii
621 450 633 472 ,
659 423 698 465 se
719 427 947 468 Monachos
967 425 1211 469 simulabant
1225 457 1238 478 ,
1254 430 1366 485 quod
1383 432 1422 471 δέ
1439 432 1528 473 Μο-

80 488 243 530 nachali
264 491 454 530 instituto
473 513 486 535 ,
516 490 553 527 &
582 486 853 530 facultatibus
872 516 884 536 ,
914 491 953 531 &
983 492 1221 532 austeritati
1264 490 1534 534 Eccleliarum

79 552 373 592 detrimentum
392 547 586 591 afferebat
605 551 822 592 :Decimas
838 551 1031 607 siquidem
1055 550 1243 609 usurpare
1262 578 1276 600 ,
1312 551 1534 611 Episcopa-

78 612 161 655 lem
183 612 252 654 sibi
271 614 557 654 aue’toritatem
577 617 617 652 in
638 612 772 653 Sacris
787 612 969 655 aedificiis
1001 616 1204 670 erigendis
1236 614 1434 672 abrogare
1452 615 1534 659 aufi

78 675 171 717 sunt
188 689 197 720 3
217 691 320 732 quos
341 673 486 717 abusus
509 674 779 717 Bracharense
797 677 1035 719 Concilium
1067 675 1285 719 secundum
1312 680 1362 719 de
1397 679 1534 720 medio

80 732 227 781 tollere
246 741 484 794 procuravit
502 765 513 784 ,
534 736 599 779 sed
617 752 753 781 tamen
770 739 911 780 frustra
929 739 982 781 ob
1000 753 1229 797 temporum
1248 740 1534 783 calamitates·

78 799 178 856 Qae
196 815 259 843 res
275 815 365 842 cum
386 802 440 842 ob
457 801 752 843 Saracenorum
776 800 1003 844 invafiones
1034 801 1217 845 crevisset
1233 832 1247 852 ‚
1282 808 1412 859 inagis
1444 817 1532 845 cre-

81 875 229 904 verunt
250 867 376 905 etiam
394 861 597 910 scandala,
615 866 745 906 donec
763 862 926 906 sedente
948 864 1123 909 Urbano
1140 867 1176 906 11
1200 864 1398 906 pontifice
1418 866 1534 906 Max·

77 929 260 968 correcta
274 955 286 974 ‚
308 929 346 967 &
366 924 588 966 reformata
608 926 799 977 fuerunt;
840 939 965 982 atque
986 929 1111 968 etiam
1130 926 1375 969 Hierarchia
1393 928 1534 968 Eccle-

80 985 232 1030 fiastica
254 985 325 1030 suo
343 986 565 1044 splendori,
583 991 621 1029 &
636 990 874 1030 auetoritati
896 989 1079 1029 restituta
1096 989 1192 1036 fuit,
1212 1004 1256 1031 ut
1270 1005 1319 1030 ex
1338 986 1528 1033 Novellis

85 1063 135 1103 17
155 1078 167 1097 2
188 1054 227 1091 δε
251 1052 620 1105 131.Just1·nianeis
640 1077 652 1096 ,
672 1064 796 1104 atque
817 1063 864 1090 ex
881 1051 977 1101 Jure
996 1051 1212 1092 Canonico
1232 1079 1245 1098 ,
1274 1055 1314 1094 δι
1333 1051 1532 1092 Concilio

76 1112 417 1154 Claromontano
431 1112 660 1166 colligitur.
682 1112 772 1153 Hac
788 1111 836 1151 de
850 1108 969 1151 causa
990 1126 1080 1152 cum
1100 1112 1178 1166 jam
1197 1114 1218 1154 a
1235 1114 1531 1154 Saracenorum

79 1175 297 1229 tyrannide
320 1174 516 1230 Hispania
537 1170 732 1229 respirare
749 1171 949 1230 coepisset,
969 1180 1102 1216 eret‘ia'
1122 1179 1162 1216 in
1179 1176 1426 1216 Monasteria
1446 1172 1533 1214 fue·

79 1250 177 1277 runt
195 1240 374 1291 quaedam
393 1252 441 1278 ex
463 1237 669 1292 illis2quas
689 1235 860 1292 Hispani
882 1249 1031 1276 vocant
1051 1237 1441 1293 Hermitas,quibus
1460 1238 1531 1275 Pa.

79 1297 264 1340 rochiale
281 1304 342 1349 jus
362 1313 560 1340 annexum
580 1298 722 1338 multis
745 1303 786 1339 in
806 1299 908 1339 locis
927 1297 1111 1338 remanfit
1129 1328 1139 1338 .
1167 1297 1282 1339 Alibi
1300 1312 1436 1339 autem
1454 1297 1532 1338 hu·

75 1357 252 1416 jusmodi
268 1361 404 1401 Eremi
423 1362 636 1401 Prioratus
655 1385 667 1404 2
683 1358 748 1401 seu
772 1358 1044 1415 Praeposlturae
1061 1361 1303 1401 obedientiae
1322 1361 1496 1401 duorum
1515 1386 1529 1407 ,

79 1423 143 1463 vel
164 1428 286 1464 trium
310 1421 610 1477 Religiosorum
628 1423 845 1464 dumtaxat
863 1436 954 1462 cum
981 1423 1218 1464 investitura
1239 1422 1500 1477 perstiterunt
1516 1445 1529 1460 ⁸

78 1483 188 1527 Aliae
204 1484 300 1525 vero
319 1486 455 1538 plures
474 1482 604 1525 solum
625 1487 761 1525 Eremi
781 1498 928 1524 nomen
955 1488 1161 1525 retinuere
1181 1483 1252 1525 sub
1270 1486 1527 1540 regimine-³

78 1546 376 1603 Episcoporum
395 1573 408 1593 ,
431 1545 507 1586 sive
530 1547 821 1588 Patronorum.
855 1546 996 1600 Atque
1024 1548 1086 1587 ita
1111 1559 1202 1587 eam
1219 1560 1304 1587 rem
1324 1543 1529 1587 mirabilis

76 1611 261 1662 quaedam
277 1611 567 1650 convenientia
589 1610 833 1663 temperavit
849 1634 865 1647 .

142 1672 185 1714 Si
204 1673 286 1713 haec
303 1685 353 1712 ex
370 1673 516 1712 nostris
538 1670 730 1727 Hispanis
747 1673 985 1725 Scriptores
1003 1669 1134 1726 aliqui
1150 1669 1258 1712 reete
1278 1667 1530 1712 animadver-

78 1734 238 1783 tissent,
259 1736 532 1789 deceptionis,
555 1729 786 1789 errorisque
804 1730 963 1773 occafio
982 1735 1163 1773 externis
1185 1731 1436 1774 Auctoribus
1458 1731 1530 1772 de-

78 1794 221 1840 fuisset
241 1797 316 1842 31d
331 1799 439 1837 enim
460 1798 652 1852 principii
667 1794 804 1836 locum
824 1792 1093 1850 sumpserunt,
1116 1797 1227 1851 quod
1249 1791 1529 1836 Ecclefiasticae

77 1873 231 1901 normae
251 1857 431 1915 confusio
449 1857 577 1907 reipsa
595 1870 700 1902 erat>
714 1859 753 1899 δι
770 1857 1044 1913 perturbatio²
1064 1859 1168 1899 unde
1184 1860 1223 1898 &
1237 1859 1532 1912 praerogativas

79 1924 370 1978 excogitavere
388 1920 437 1962 ab
458 1919 728 1962 Ecclefiastica
748 1919 995 1962 Hierarchia
1013 1919 1165 1961 alienas
1185 1950 1197 1963 .
1229 1922 1273 1960 In
1294 1919 1368 1960 hac
1385 1922 1494 1959 enim
1514 1943 1529 1964 ,

80 1998 204 2040 quam
236 1985 321 2024 dixi
345 1984 660 2026 Ecclefiasticam
683 1983 970 2025 Hierarchiam
987 2011 1000 2031 ,
1033 1982 1228 2023 Monachi
1258 1981 1496 2022 obedientia
1512 2010 1529 2034 ,

81 2060 169 2105 quae
187 2049 378 2102 proprius
395 2045 650 2088 monachalis
670 2047 792 2087 status
807 2046 1014 2087 character
1031 2046 1100 2092 est,
1123 2043 1410 2097 subjee‘tionem
1427 2055 1530 2083 con.

83 2111 206 2157 tinet,
222 2123 266 2150 ac
284 2105 503 2164 praesertim
519 2123 606 2149 eam
629 2137 642 2157 ³
661 2122 782 2163 quam
802 2108 997 2150 Monachi
1017 2107 1166 2148 debent
1185 2103 1393 2162 Episcopis
1414 2103 1532 2144 exhi-

81 2168 176 2212 bere
196 2197 208 2216 ,
224 2174 419 2228 quoniam
440 2184 532 2212 cum
560 2171 648 2227 ipsis
666 2183 958 2225 comparantur
975 2200 987 2216 ,
1005 2181 1050 2210 ut
1080 2183 1170 2209 cum
1192 2165 1500 2223 perficientibus
1515 2194 1528 2217 ,

82 2232 147 2276 vel
176 2232 476 2277 Perfedloribus
491 2259 505 2281 ,
524 2247 569 2277 ac
586 2232 790 2287 Magistris
808 2258 820 2271 .
853 2233 995 2275 Status
1010 2233 1161 2288 quippe
1192 2225 1424 2300 Religionis
1440 2225 1530 2331 ‘stub-

1392 2305 1449 2344 Jet
1473 2305 1513 2331 ιο
