1840 2656
955 181 972 225 (
992 180 1019 216 x
1038 180 1071 216 v
1086 180 1129 215 ii
1149 181 1191 221 i)

288 239 538 298 plei‘zunt‘ur,
554 234 704 275 amoris
725 230 883 274 scilicet
897 237 1138 274 exercitium
1159 244 1257 288 erga
1275 231 1470 275 Deum&
1488 230 1746 278 Proximum,

296 312 421 359 prout
442 293 714 351 unusquisque
730 309 780 336 ex
803 296 946 336 nostris
963 295 1181 338 Monachis
1199 294 1326 334 alicui
1358 296 1524 348 pietatis
1540 297 1655 348 operi
1677 308 1723 349 ap

295 376 361 405 tus
376 361 432 402 est
449 387 461 407 ,
484 371 607 414 atque
624 359 797 398 idoneus
816 371 838 396 a
855 359 1072 413 Superiore
1090 358 1298 409 judicatur
1313 370 1324 403 3
1340 368 1432 397 cum
1450 370 1497 396 ex
1516 355 1673 409 Regula
1693 354 1746 396 ad

290 439 360 467 eas
372 424 693 464 exercitationes
708 419 922 459 obeundas
941 432 1174 467 teneantur,
1192 431 1294 474 quas
1311 420 1521 474 Superior,
1542 429 1628 457 tum
1649 420 1746 457 vitae

290 483 629 537 contemplativae
648 509 661 529 ,
678 493 765 520 tum
786 481 924 521 aetivae
941 507 955 528 ,
973 484 1267 522 convenientes
1282 477 1359 521 effe
1376 479 1619 520 arbitratur.
1641 478 1749 520 Aliae

292 548 393 590 vero
412 545 649 599 Religiones
667 556 717 583 ex
736 542 1060 597 particularibus
1085 569 1095 587 2
1112 539 1476 596 determinatisque
1502 539 1670 587 finibus,
1688 541 1748 588 id,

295 613 338 652 in
359 622 444 663 quo
461 607 511 646 ab
528 604 621 645 aliis
632 607 951 659 distinguuntur,
971 603 1186 645 desumunt
1201 616 1213 648 3
1228 607 1426 654 quoniam
1444 617 1534 643 cum
1553 604 1747 659 deinceps

299 672 455 714 fuerint
475 668 684 712 institutae,
705 665 783 707 suis
800 670 924 707 certis
944 664 1110 710 finibus,
1127 664 1344 719 &legibus
1362 662 1745 706 fundamentalibus

294 728 701 776 circumscribuntut‚
720 742 804 782 quo
821 727 997 782 respexit
1017 726 1196 769 Ecclefia
1213 731 1253 766 in
1269 723 1563 767 Decretalieilla
1576 726 1623 766 de
1637 723 1743 768 Reli-

289 792 406 851 giofis
423 791 600 832 domibus
616 793 658 830 in
675 792 770 842 Cap.
787 792 854 833 Ne
867 793 998 830 nimia
1016 786 1272 843 Religionum
1288 787 1522 842 diveifitas,
1545 790 1596 829 ab
1615 791 1741 829 Inno-

297 859 439 901 centio
457 856 531 895 111.
563 853 674 894 edita
693 879 704 897 ,
733 855 804 907 qui
823 864 882 893 ita
897 854 1118 908 praecepit:
1148 877 1179 898 ,‚
1216 848 1480 891 Prohibemus
1496 874 1507 894 ,
1526 864 1573 890 ne
1591 855 1681 904 quis
1695 849 1743 891 de

296 947 329 971 „
362 928 495 960 caetero
509 928 657 955 novam
677 910 917 965 Religionem
933 916 1120 954 inveniat
1136 908 1231 968 3sed
1243 917 1484 967 quicumque
1508 912 1560 953 ad
1573 910 1742 967 Religio-

298 1010 332 1032 „
366 992 455 1020 nem
472 980 657 1019 converti
675 973 868 1024 voluerit,
886 989 1006 1016 unam
1020 977 1066 1017 de
1083 974 1310 1028 approbatis
1325 968 1517 1030 affirmat:
1537 973 1749 1017 Similiter

297 1070 330 1092 2,
363 1043 435 1096 qui
449 1038 624 1080 voluerit
643 1035 880 1092 Religioſsaem
901 1038 1062 1078 domum
1076 1038 1123 1077 de
1135 1052 1230 1078 novo
1235 1032 1412 1092 fundare
1431 1065 1441 1084 ,
1467 1035 1680 1091 Regulam,
1699 1037 1748 1084 β’

299 1130 329 1154 „
364 1100 650 1158 institutionem
675 1102 849 1152 accipiat
871 1100 917 1140 de
930 1100 1155 1152 approbatis
1174 1127 1185 1138 .

362 1168 508 1208 Tettio
525 1167 687 1203 decimo
705 1163 868 1203 tandem
887 1160 1038 1204 saeculo
1053 1160 1133 1202 visa
1152 1164 1194 1202 in
1210 1159 1388 1201 Ecclefia
1409 1157 1485 1201 fuit
1502 1160 1666 1216 proprie
1688 1160 1752 1202 di-

298 1226 361 1267 sta
377 1226 636 1280 Religionum
654 1222 878 1267 diverfitas3
890 1224 1178 1278 Superioribus
1196 1223 1293 1264 vero
1310 1220 1460 1264 saeculis
1475 1225 1525 1263 ad
1539 1224 1748 1263 decimum

297 1285 422 1342 usque
442 1289 480 1327 δι
498 1285 755 1326 undecimum
775 1282 995 1340 praesertim
1014 1283 1214 1325 notabilis
1235 1285 1376 1339 aliqua
1391 1311 1404 1331 ,
1426 1288 1464 1325 &
1485 1284 1586 1325 bene
1605 1282 1751 1326 funda-

297 1362 341 1391 ta
356 1347 565 1390 diversitas
581 1362 664 1389 non
680 1350 932 1392 invenietur,
954 1360 1203 1403 quamquam
1224 1345 1449 1386 materialis
1466 1372 1478 1391 ‚
1503 1345 1578 1386 five
1601 1347 1747 1388 localis

297 1412 500 1453 distinetio
521 1410 702 1466 quaedam
722 1422 945 1464 utcumque
973 1410 1271 1464 comperiatur,
1293 1423 1382 1464 quae
1402 1408 1493 1448 inde
1514 1407 1747 1457 oriebatur,

296 1474 410 1530 quod
432 1476 473 1513 in
490 1471 731 1527 quibusdam
748 1473 1005 1514 Monasteri'is
1025 1472 1252 1528 peculiares
1273 1473 1439 1525 quidam
1461 1473 1582 1516 ritus,
1605 1472 1644 1510 &
1665 1484 1751 1511 mo-

298 1548 365 1575 tes
380 1533 637 1575 servarentur
653 1561 666 1580 ‚
685 1535 813 1588 quiin
829 1533 923 1573 aliis
939 1548 1021 1575 non
1039 1531 1377 1579 observabantur,
1395 1532 1745 1586 quemadmodum

299 1598 420 1637 variae
437 1593 708 1649 saepenumero
725 1591 1056 1641 consuetudines,
1070 1599 1107 1635 in
1125 1592 1288 1636 diverfis
1304 1592 1481 1645 ejusdem
1501 1594 1628 1649 Regni
1649 1594 1749 1635 Pro·

300 1660 445 1699 vinciis
462 1654 627 1698 diversae
646 1684 656 1703 ,
674 1668 896 1696 notantur:
934 1658 1024 1698 Hos
1042 1655 1149 1704 usus,
1173 1657 1338 1711 quidam
1358 1684 1370 1703 ‚
1395 1654 1459 1696 sed
1478 1658 1610 1696 minus
1629 1656 1746 1709 apte,

297 1718 497 1775 Regulam
526 1721 644 1759 unius
676 1717 910 1759 Monasterii
930 1746 944 1767 ,
960 1721 1024 1761 vel
1058 1719 1237 1774 plurium
1260 1730 1509 1758 vocaverunt
1531 1744 1543 1763 ‚
1576 1720 1615 1757 δε
1646 1718 1743 1760 hinc

298 1781 437 1822 multae
453 1779 747 1835 ambIguitates
764 1792 917 1822 exottae
935 1808 946 1819 .
982 1780 1041 1822 At
1062 1795 1132 1836 per
1147 1780 1221 1821 illa
1240 1778 1383 1821 saecula
1400 1783 1481 1832 jam
1502 1779 1595 1820 inde
1614 1795 1636 1820 a
1661 1793 1751 1821 me·

297 1843 454 1884 dietate
471 1840 603 1883 saeculi
619 1843 757 1898 quarti
772 1842 968 1883 Monachi
987 1843 1108 1884 iidem
1126 1844 1294 1884 omnino
1312 1855 1428 1883 erant
1444 1871 1457 1889 ,
1474 1845 1545 1899 qui
1568 1841 1746 1897 Regula-

292 1919 379 1953 κε,
398 1917 448 1945 ex
464 1905 690 1948 Monastica
704 1901 880 1958 Regula,
902 1903 979 1946 five
993 1919 1044 1947 ex
1065 1902 1250 1946 asceticis
1274 1904 1525 1946 authenticis
1543 1904 1586 1943 S.
1606 1902 1741 1946 Bafilii

297 1968 466 2021 Magni,
488 1979 533 2006 ut
554 1981 605 2008 ex
623 1968 909 2009 oecumenicis
926 1968 1136 2010 Conciliis
1165 1982 1212 2008 ea
1228 1981 1349 2009 aetate
1383 1970 1425 2006 in
1444 1969 1614 2008 Oriente
1636 1966 1749 2007 cele·

297 2028 426 2070 bratis
443 2025 688 2084 perspicitur
703 2055 718 2076 ,
748 2026 773 2068 fi
790 2030 902 2071 certe
934 2034 1119 2073 Graecam
1140 2032 1340 2085 Linguam
1361 2028 1644 2083 intelligamus
1662 2054 1673 2066 .
1698 2027 1745 2068 Id

299 2092 414 2140 veto,
431 2092 543 2146 quod
558 2106 628 2133 eos
643 2091 829 2147 privatos
846 2090 966 2144 hujus
984 2092 1218 2133 Monasterii
1232 2121 1245 2140 ,
1268 2092 1330 2132 vel
1348 2093 1546 2133 districtus
1565 2086 1655 2130 usus
1675 2090 1746 2131 de-

295 2158 544 2201 terminabat
562 2178 578 2201 ,
597 2149 761 2201 Τυπικὸν
779 2181 796 2203 ,
820 2159 932 2214 quod
950 2160 1202 2203 ordinarium
1222 2188 1236 2208 ,
1256 2156 1334 2201 five
1352 2157 1614 2199 diretstorium
1637 2159 1743 2198 verti

295 2227 452 2279 potest,
472 2228 580 2283 apud
601 2241 761 2273 veteres
778 2226 1001 2271 vocabatur
1018 2256 1029 2267 .
1064 2227 1223 2282 Regula
1243 2226 1340 2268 vero
1359 2254 1373 2276 ,
1390 2240 1480 2283 quae
1515 2212 1648 2265 Καινῶν
1686 2237 1741 2267 a)

1585 2287 1742 2331 Gtxcis

1813 332 1815 360 1

1814 383 1816 404 l

1821 408 1823 422 ι
