1840 2656
27 163 30 173 ι

26 182 28 200 l

26 201 27 219 i

22 227 27 320 i

762 176 791 209 X
889 175 903 209 l

75 226 256 272 formula
277 226 348 270 illa
362 228 596 284 impugnari
620 175 751 281 coeffi
767 253 780 266 .
797 175 944 267 Sxegul}
964 221 1057 265 sane
1075 238 1187 269 nono
1201 238 1250 268 ea
1277 239 1410 268 rerum
1431 241 1530 269 con-

75 293 236 334 stitutio
256 290 415 332 Carolo
434 292 588 342 Magno
605 300 719 334 erat,
744 301 788 329 ut
807 288 1088 344 opportunior
1119 289 1235 330 nulla
1267 288 1341 329 effe
1371 289 1500 344 posset
1515 318 1528 340 ‚

78 366 171 409 quae
190 352 271 409 pie,
287 355 326 395 δε
344 351 536 407 religiose
555 349 862 391 Benediffinum
884 350 1084 392 Ordinem
1104 350 1334 392 extolleret
1357 376 1369 396 ‚
1386 365 1530 407 quem-

74 416 297 458 admodum
315 418 354 456 &
370 428 448 455 tres
459 416 550 465 ejus
568 413 665 456 Filii
682 414 724 453 in
740 409 820 455 suis
839 413 1069 455 Provinciis
1090 413 1240 455 fecere·
1256 416 1392 457 Graeci
1416 416 1520 454 ritus

72 481 240 535 penitus
258 477 450 520 exoluere
470 503 484 524 ,
515 488 750 529 nomenque
778 474 884 516 illud
900 475 1146 518 Authentici
1173 477 1361 520 Canonis
1379 476 1527 516 Mona·

73 543 159 583 stici
176 543 325 583 veteris
340 563 355 586 ,
372 540 410 579 &
425 537 657 579 Orientalis
675 564 688 584 ,
705 537 727 593 <
746 540 818 592 qui
842 536 935 580 sane
965 537 1148 595 ipfiffima
1178 535 1314 579 Basilii
1336 537 1526 593 Regula,

72 602 196 658 erat)
231 600 362 644 audiri
380 597 493 641 defiit
511 625 525 639 .
554 602 653 641 Haec
681 613 818 640 tamen
837 601 997 656 Regula
1015 599 1227 657 semperin
1241 602 1412 641 Oriente
1438 612 1534 641 con.

72 665 222 706 stanter
239 661 512 720 perseveravit
529 664 570 703 in
587 660 672 703 illis
693 663 846 718 Regnis
861 689 875 710 ,
894 665 935 704 in
955 661 1105 720 quibus
1124 660 1241 706 Galli
1258 675 1339 703 non
1358 660 1528 704 fuerunt

74 727 282 768 dominati
301 755 315 769 .

152 792 199 830 In
219 786 419 843 Hispania
436 787 713 829 Monachatus
732 787 998 831 authenticus
1016 815 1029 836 ,
1064 789 1103 830 &
1121 799 1237 830 vetus
1260 814 1274 835 2
1307 799 1402 829 toto
1440 789 1528 829 Go-

72 851 242 893 thorum
259 864 445 906 tempore
464 848 542 891 fine
556 848 725 892 formali
741 854 959 899 varietate,
976 853 1014 893 &
1027 849 1262 892 diversitate
1279 850 1330 891 ad
1347 847 1528 890 seculum

72 911 200 969 ,usque
229 926 382 954 nonum
397 914 536 966 viguit
555 941 568 960 ,
584 911 662 953 five
680 939 693 960 ,
712 924 757 952 ut
771 912 926 954 eruditi
948 914 1196 969 loquuntur,
1217 909 1341 968 usque
1358 912 1408 953 ad
1422 911 1532 953 Clu-

77 973 286 1016 uriacenses
307 1003 320 1015 .
351 974 492 1030 Qare
507 976 704 1016 Nationis
723 975 843 1028 hujus
863 976 1094 1029 Scriptores
1112 1002 1125 1021 ,
1143 977 1182 1016 &
1212 974 1369 1016 mature
1386 974 1494 1014 doffi
1514 1000 1527 1022 ‚

76 1040 115 1079 δε
133 1052 156 1078 a
179 1038 357 1094 partium
374 1037 507 1079 studio
524 1037 674 1083 alieni,
693 1034 849 1092 semper
867 1039 908 1076 in
927 1051 975 1077 ea
991 1035 1158 1077 fuerunt
1175 1036 1378 1077 sententia
1397 1060 1410 1080 2
1426 1035 1527 1074 San-

75 1101 127 1140 &i
149 1100 356 1140 Benedicti
375 1099 573 1154 Regulam
594 1112 677 1139 non
697 1095 870 1154 potuisse
904 1101 944 1139 in
965 1097 1205 1154 Hispaniam
1222 1125 1236 1147 ,
1266 1097 1350 1140 imo
1367 1109 1441 1137 nec
1471 1098 1531 1153 ip<

72 1160 155 1202 sam
176 1161 361 1203 Galliam
386 1164 444 1202 ita
464 1160 514 1203 ab
531 1163 654 1201 initio
674 1160 881 1202 introduci
901 1175 952 1202 eo
971 1161 1094 1202 modo
1109 1188 1121 1208 2
1138 1164 1176 1203 δε
1190 1162 1354 1203 ratione
1376 1185 1387 1205 ,
1403 1171 1527 1214 quam

72 1222 145 1264 fibi
173 1221 414 1277 persuadent
436 1223 706 1265 Benediffinae
731 1222 912 1266 Familiae
933 1224 994 1264 vel
1013 1222 1253 1279 profeffione
1274 1249 1286 1269 ,
1307 1221 1372 1262 vel
1393 1221 1525 1263 studio

73 1285 252 1327 addisti.
288 1286 450 1337 Etenim
471 1298 540 1340 per
558 1297 718 1326 aetatem
748 1286 886 1325 Saneti
909 1285 1119 1327 Benedicti
1148 1284 1393 1326 authentica
1422 1282 1527 1327 illa„

74 1346 341 1390 Monachalis
361 1348 518 1402 Regula
543 1360 616 1402 per
634 1345 823 1388 Rufinum
843 1361 891 1388 ex
909 1349 1084 1388 Oriente
1105 1351 1147 1389 in
1165 1345 1331 1389 Italiam
1354 1344 1532 1386 transla-

76 1424 118 1450 ta
139 1434 152 1454 2
168 1408 508 1450 Antonomassice
523 1436 536 1457 ,
570 1421 614 1450 ut
635 1413 692 1449 ait
714 1408 950 1450 Holstenius
967 1437 980 1458 ,
1011 1409 1238 1452 vocabatur
1271 1406 1357 1464 ipsa
1393 1406 1530 1449 ssafilii

76 1470 266 1526 Regula.
301 1472 504 1513 Coincius
522 1472 617 1511 vero
638 1470 770 1512 asserit
787 1497 799 1517 2
832 1484 926 1512 ante
965 1485 1116 1513 annum
1151 1478 1203 1524 65
1220 1484 1255 1511 ι.
1286 1466 1523 1513 Gislenium

75 1530 370 1574 Atheniensem
394 1532 613 1580 Monastici
635 1534 814 1574 instituti
846 1536 887 1573 in
908 1532 1054 1587 Belgio
1083 1544 1404 1589 propagatorem
1432 1528 1531 1572 furs-

75 1593 142 1643 se,
176 1607 276 1635 ante
292 1593 407 1650 quod
437 1606 598 1649 tempus
616 1592 812 1635 Bafiliana
837 1594 995 1649 Regula
1029 1608 1050 1634 a
1083 1591 1231 1635 Rufino
1262 1595 1303 1633 in
1325 1593 1522 1634 Latinum

75 1654 271 1698 conversa
298 1659 542 1696 innotuerat
562 1684 575 1704 ,
595 1654 748 1712 usuque
780 1654 866 1710 ipso
885 1653 1181 1697 observabatur
1202 1658 1242 1696 in
1262 1653 1403 1698 Gallia
1419 1680 1433 1699 ³
1455 1655 1526 1698 ubi

73 1717 248 1760 fortaffis
268 1717 382 1759 illam
399 1719 568 1760 Sanetus
589 1720 758 1759 Maurus
775 1719 916 1773 Magni
939 1719 1147 1760 Benedicti
1168 1715 1406 1772 Discipulus
1426 1719 1528 1759 san·

73 1783 139 1822 eto
156 1780 312 1822 Atedio
349 1792 468 1821 aetate
505 1778 653 1836 suppar
670 1780 819 1822 detulit
838 1809 851 1822 .
900 1778 1010 1834 Qid
1028 1781 1140 1837 quod
1173 1777 1410 1821 Ananienfis
1444 1779 1530 1836 ipsa

73 1843 372 1885 concordantia
393 1856 467 1882 nos
486 1855 627 1883 monet
646 1869 657 1886 ⁵
676 1843 794 1900 plura
816 1857 862 1883 ex
882 1841 1082 1884 Bafiliana
1102 1842 1258 1899 Regula
1275 1844 1319 1882 in
1342 1839 1451 1883 suam
1470 1841 1528 1884 as-

75 1903 250 1961 portasse
262 1906 454 1947 Sanctum
475 1906 756 1953 Benedietum,
772 1903 863 1946 cum
881 1920 928 1946 ea
943 1903 1014 1960 ipfi
1034 1904 1253 1947 familiaris
1268 1905 1383 1953 esset,
1400 1916 1527 1961 atque

74 1967 215 2008 exadle
233 1966 282 2008 ab
299 1980 352 2007 eo
371 1964 657 2009 observaretur
677 1993 690 2013 2
708 1966 869 2024 suisque
898 1966 1109 2024 discipulis
1142 1982 1230 2009 eam
1261 1968 1528 2009 commenda·

74 2030 174 2070 ret?
209 2028 366 2071 Auctor
381 2027 612 2071 Anonimus
628 2032 877 2078 vitaeSanssti
895 2031 1082 2086 Eugendi
1099 2059 1112 2080 ,
1138 2033 1210 2087 qui
1241 2029 1357 2072 sexto
1388 2027 1527 2072 seculo

76 2090 219 2137 floruit
235 2121 247 2141 ‚
267 2090 410 2132 eadem
428 2095 593 2132 ratione
613 2092 726 2134 illam
748 2093 932 2135 laudavit
951 2120 964 2128 -

154 2155 323 2196 Sanetus
355 2151 646 2194 Droahobeus
681 2157 814 2197 Sancti
837 2158 1035 2198 Germani
1068 2152 1291 2211 discipulus
1324 2151 1531 2194 Bafilianae

75 2216 243 2274 Regulae
273 2214 352 2260 fuit
371 2212 745 2259 observantissimus
762 2243 777 2266 ,
803 2218 1148 2274 quemadmodum
1181 2216 1358 2274 septimo
1389 2215 1532 2258 seculo

942 2279 982 2319 D
1017 2293 1038 2318 2
1436 2280 1534 2319 San-
